@electronic{RSS20,
    author = {Winner, Dave},
    citeulike-article-id = {8269544},
    citeulike-linkout-0 = {http://cyber.law.harvard.edu/rss/rss.html},
    day = {15},
    institution = {Berkman Center for Internet \& Society},
    keywords = {rss, syndication},
    month = jul,
    organization = {Harvard Law School},
    posted-at = {2010-11-18 10:16:42},
    priority = {0},
    title = {{RSS} 2.0 Specification},
    url = {http://cyber.law.harvard.edu/rss/rss.html},
    year = {2003}
}

@electronic{apache20,
    keywords = {licence},
    month = jan,
    author = {{The Apache Software Foundation}},
    organization = {The Apache Software Foundation},
    title = {{A}pache {L}icense, {V}ersion 2.0},
    url = {http://www.apache.org/licenses/LICENSE-2.0},
    year = {2004}
}

@electronic{jsoup,
	author = {Hedley, Jonathan},
    keywords = {api, java, library, html},
    posted-at = {2013-01-24 09:56:17},
    priority = {2},
    title = {{jsoup}},
	year={2013},
	month=jan,
	day={27},
    url = {http://jsoup.org/}
}

@electronic{jscience,
    citeulike-article-id = {11931281},
    citeulike-linkout-0 = {http://jscience.org/},
    keywords = {api, java, library, science},
    posted-at = {2013-01-24 09:56:17},
    priority = {2},
	author = {Deutelle, Jean-Marie},
    title = {{JScience}},
	year={2011},
	month=oct,
	day={19},
    url = {http://jscience.org/}
}

@book{vaadin,
	title={Book of Vaadin},
	author={Gr{\"o}nroos, M.},
	isbn={9789529260454},
	url={http://vaadin.com/book},
	year={2009},
	publisher={Oy IT Mill Ltd}
}

@inproceedings{huang2004link,
	title={A Link Analysis Approach to Recommendation under Sparse Data.},
	author={Huang, Zan and Zeng, Daniel and Chen, Hsinchun},
	booktitle={AMCIS},
	pages={239},
	year={2004}
}

@electronic{xbmc-weather,
	title={Fetch weather once every hour max},
	url={https://github.com/xbmc/xbmc/pull/2177},
	year={2013},
	month=feb,
	day={4},
	author={ronie}
}

@electronic{google-reader-down,
	title={Powering Down Google Reader},
	url={http://googlereader.blogspot.cz/2013/03/powering-down-google-reader.html},
	year={2013},
	month=mar,
	day={13},
	author={Alan Green}
}

@electronic{crossrider-faq,
	title={FAQ - Crossrider Extensions},
	author={Crossrider},
	url={http://crossrider.com/pages/faq}
}

@incollection{pazzani2007content,
	year={2007},
	isbn={978-3-540-72078-2},
	booktitle={The Adaptive Web},
	volume={4321},
	series={Lecture Notes in Computer Science},
	editor={Brusilovsky, Peter and Kobsa, Alfred and Nejdl, Wolfgang},
	doi={10.1007/978-3-540-72079-9_10},
	title={Content-Based Recommendation Systems},
	url={http://dx.doi.org/10.1007/978-3-540-72079-9_10},
	publisher={Springer Berlin Heidelberg},
	author={Pazzani, Michael J. and Billsus, Daniel},
	pages={325-341}
}

@incollection{schafer2007collaborative,
	year={2007},
	isbn={978-3-540-72078-2},
	booktitle={The Adaptive Web},
	volume={4321},
	series={Lecture Notes in Computer Science},
	editor={Brusilovsky, Peter and Kobsa, Alfred and Nejdl, Wolfgang},
	doi={10.1007/978-3-540-72079-9_9},
	title={Collaborative Filtering Recommender Systems},
	url={http://dx.doi.org/10.1007/978-3-540-72079-9_9},
	publisher={Springer Berlin Heidelberg},
	author={Schafer, J.Ben and Frankowski, Dan and Herlocker, Jon and Sen, Shilad},
	pages={291-324}
}

@TechReport{page1999pagerank,
          number = {1999-66},
           month = nov,
          author = {Lawrence Page and Sergey Brin and Rajeev Motwani and Terry Winograd},
            note = {Previous number = SIDL-WP-1999-0120},
           title = {The PageRank Citation Ranking: Bringing Order to the Web.},
            type = {Technical Report},
       publisher = {Stanford InfoLab},
            year = {1999},
     institution = {Stanford InfoLab},
             url = {http://ilpubs.stanford.edu:8090/422/},
        abstract = {The importance of a Web page is an inherently subjective matter, which depends on the readers interests, knowledge and attitudes. But there is still much that can be said objectively about the relative importance of Web pages. This paper describes PageRank, a mathod for rating Web pages objectively and mechanically, effectively measuring the human interest and attention devoted to them. We compare PageRank to an idealized random Web surfer. We show how to efficiently compute PageRank for large numbers of pages. And, we show how to apply PageRank to search and to user navigation.}
}
