
@TechReport{Clark:1999,
  author = {James Clark},
  title  = {{Associating Style Sheets with XML documents}},
  note = {\url{http://www.w3.org/1999/06/REC-xml-stylesheet-19990629}. Latest version available at \url{http://www.w3.org/TR/xml-stylesheet}},
  year = {1999},
  month = jun,
  bibsource = "http://www.w3.org/2002/01/tr-automation/tr.rdf",
  type = "Recommendation",
  institution = "W3C",
}
  
@TechReport{DFIon:1999,
  author = {Patrick D F Ion and Robert R Miner},
  title  = {{Mathematical Markup Language (MathML) 1.01 Specification}},
  note = {\url{http://www.w3.org/1999/07/REC-MathML-19990707}. Latest version available at \url{http://www.w3.org/TR/REC-MathML}},
  year = {1999},
  month = jul,
  bibsource = "http://www.w3.org/2002/01/tr-automation/tr.rdf",
  type = "Recommendation",
  institution = "W3C",
}
  
@TechReport{Bos:1998,
  author = {Bert Bos and Håkon Wium Lie and Chris Lilley and Ian Jacobs},
  title  = {{Cascading Style Sheets, level 2 (CSS2) Specification}},
  note = {\url{http://www.w3.org/TR/1998/REC-CSS2-19980512}. Latest version available at \url{http://www.w3.org/TR/REC-CSS2}},
  year = {1998},
  month = may,
  bibsource = "http://www.w3.org/2002/01/tr-automation/tr.rdf",
  type = "Recommendation",
  institution = "W3C",
}
  
@TechReport{:1998,
  author = {},
  title  = {{CSS3 module: Web Fonts}},
  note = {\url{http://www.w3.org/TR/1998/REC-CSS2-19980512/fonts.html}. Latest version available at \url{http://www.w3.org/TR/css3-webfonts}},
  year = {1998},
  month = may,
  bibsource = "http://www.w3.org/2002/01/tr-automation/tr.rdf",
  type = "Recommendation",
  institution = "W3C",
}
  
@TechReport{Isaacson:1998,
  author = {Scott Isaacson and Steven B Byrne and Mike Champion and Ian Jacobs and Arnaud Le Hors and Gavin Nicol and Jonathan Robie and Robert S Sutor and Chris Wilson and Lauren Wood},
  title  = {{Document Object Model (DOM) Level 1}},
  note = {\url{http://www.w3.org/TR/1998/REC-DOM-Level-1-19981001}. Latest version available at \url{http://www.w3.org/TR/REC-DOM-Level-1}},
  year = {1998},
  month = nov,
  bibsource = "http://www.w3.org/2002/01/tr-automation/tr.rdf",
  type = "Recommendation",
  institution = "W3C",
}
  
@TechReport{Chu:1998,
  author = {Yanghua Chu and Philip DesAutels and Brian LaMacchia and Peter Lipp},
  title  = {{PICS Signed Labels (DSig) 1.0 Specification}},
  note = {\url{http://www.w3.org/TR/1998/REC-DSig-label-19980527}. Latest version available at \url{http://www.w3.org/TR/REC-DSig-label/}},
  year = {1998},
  month = may,
  bibsource = "http://www.w3.org/2002/01/tr-automation/tr.rdf",
  type = "Recommendation",
  institution = "W3C",
}
  
@TechReport{Raggett:1998,
  author = {Dave Raggett and Arnaud Le Hors and Ian Jacobs},
  title  = {{HTML 4.0 Recommendation}},
  note = {\url{http://www.w3.org/TR/1998/REC-html40-19980424}. Latest version available at \url{http://www.w3.org/TR/html40}},
  year = {1998},
  month = apr,
  bibsource = "http://www.w3.org/2002/01/tr-automation/tr.rdf",
  type = "Recommendation",
  institution = "W3C",
}
  
@TechReport{DFIon:1998,
  author = {Patrick D F Ion and Robert R Miner},
  title  = {{Mathematical Markup Language (MathML) 1.0 Specification}},
  note = {\url{http://www.w3.org/TR/1998/REC-MathML-19980407}. Latest version available at \url{http://www.w3.org/TR/REC-MathML}},
  year = {1998},
  month = apr,
  bibsource = "http://www.w3.org/2002/01/tr-automation/tr.rdf",
  type = "Recommendation",
  institution = "W3C",
}
  
@TechReport{Hoschka:1998,
  author = {Philipp Hoschka},
  title  = {{Synchronized Multimedia Integration Language (SMIL) 1.0 Specification}},
  note = {\url{http://www.w3.org/TR/1998/REC-smil-19980615}. Latest version available at \url{http://www.w3.org/TR/REC-smil/}},
  year = {1998},
  month = jun,
  bibsource = "http://www.w3.org/2002/01/tr-automation/tr.rdf",
  type = "Recommendation",
  institution = "W3C",
}
  
@TechReport{Bray:1998,
  author = {Tim Bray and Jean Paoli and Michael Sperberg-McQueen},
  title  = {{XML 1.0 Recommendation}},
  note = {\url{http://www.w3.org/TR/1998/REC-xml-19980210}. Latest version available at \url{http://www.w3.org/TR/REC-xml}},
  year = {1998},
  month = feb,
  bibsource = "http://www.w3.org/2002/01/tr-automation/tr.rdf",
  type = "Recommendation",
  institution = "W3C",
}
  
@TechReport{WiumLie:1999,
  author = {Håkon Wium Lie and Bert Bos},
  title  = {{Cascading Style Sheets (CSS1) Level 1 Specification}},
  note = {\url{http://www.w3.org/TR/1999/REC-CSS1-19990111}. Latest version available at \url{http://www.w3.org/TR/REC-CSS1}},
  year = {1999},
  month = jan,
  bibsource = "http://www.w3.org/2002/01/tr-automation/tr.rdf",
  type = "Recommendation",
  institution = "W3C",
}
  
@TechReport{Raggett:1999,
  author = {Dave Raggett and Arnaud Le Hors and Ian Jacobs},
  title  = {{HTML 4.01 Specification}},
  note = {\url{http://www.w3.org/TR/1999/REC-html401-19991224}. Latest version available at \url{http://www.w3.org/TR/html401}},
  year = {1999},
  month = ,
  bibsource = "http://www.w3.org/2002/01/tr-automation/tr.rdf",
  type = "Recommendation",
  institution = "W3C",
}
  
@TechReport{Lassila:1999,
  author = {Ora Lassila},
  title  = {{Resource Description Framework (RDF) Model and Syntax Specification}},
  note = {\url{http://www.w3.org/TR/1999/REC-rdf-syntax-19990222}. Latest version available at \url{http://www.w3.org/TR/REC-rdf-syntax}},
  year = {1999},
  month = feb,
  bibsource = "http://www.w3.org/2002/01/tr-automation/tr.rdf",
  type = "Recommendation",
  institution = "W3C",
}
  
@TechReport{Cruikshank:1999,
  author = {David Cruikshank and Lofton Henderson},
  title  = {{WebCGM Profile Recommendation}},
  note = {\url{http://www.w3.org/TR/1999/REC-WebCGM-19990121}. Latest version available at \url{http://www.w3.org/TR/REC-WebCGM}},
  year = {1999},
  month = jan,
  bibsource = "http://www.w3.org/2002/01/tr-automation/tr.rdf",
  type = "Recommendation",
  institution = "W3C",
}
  
@TechReport{Bray:1999,
  author = {Tim Bray and Dave Hollander and Andrew Layman},
  title  = {{Namespaces in XML}},
  note = {\url{http://www.w3.org/TR/1999/REC-xml-names-19990114}. Latest version available at \url{http://www.w3.org/TR/REC-xml-names}},
  year = {1999},
  month = jan,
  bibsource = "http://www.w3.org/2002/01/tr-automation/tr.rdf",
  type = "Recommendation",
  institution = "W3C",
}
  
@TechReport{Clark:1999,
  author = {James Clark and Steven DeRose},
  title  = {{XML Path Language (XPath) Version 1.0}},
  note = {\url{http://www.w3.org/TR/1999/REC-xpath-19991116}. Latest version available at \url{http://www.w3.org/TR/xpath}},
  year = {1999},
  month = dec,
  bibsource = "http://www.w3.org/2002/01/tr-automation/tr.rdf",
  type = "Recommendation",
  institution = "W3C",
}
  
@TechReport{Clark:1999,
  author = {James Clark},
  title  = {{XSL Transformations (XSLT) Version 1.0}},
  note = {\url{http://www.w3.org/TR/1999/REC-xslt-19991116}. Latest version available at \url{http://www.w3.org/TR/xslt}},
  year = {1999},
  month = dec,
  bibsource = "http://www.w3.org/2002/01/tr-automation/tr.rdf",
  type = "Recommendation",
  institution = "W3C",
}
  
@TechReport{Chisholm:1999,
  author = {Wendy Chisholm and Gregg Vanderheiden and Ian Jacobs},
  title  = {{Web Content Accessibility Guidelines 1.0}},
  note = {\url{http://www.w3.org/TR/1999/WAI-WEBCONTENT-19990505/}. Latest version available at \url{http://www.w3.org/TR/WAI-WEBCONTENT}},
  year = {1999},
  month = may,
  bibsource = "http://www.w3.org/2002/01/tr-automation/tr.rdf",
  type = "Recommendation",
  institution = "W3C",
}
  
@TechReport{Treviranus:2000,
  author = {Jutta Treviranus and Charles McCathieNevile and Ian Jacobs and Jan Richards},
  title  = {{Authoring Tool Accessibility Guidelines 1.0}},
  note = {\url{http://www.w3.org/TR/2000/REC-ATAG10-20000203}. Latest version available at \url{http://www.w3.org/TR/ATAG10}},
  year = {2000},
  month = feb,
  bibsource = "http://www.w3.org/2002/01/tr-automation/tr.rdf",
  type = "Recommendation",
  institution = "W3C",
}
  
@TechReport{LeHors:2000,
  author = {Arnaud Le Hors and Philippe Le Hégaret and Lauren Wood and Gavin Nicol and Jonathan Robie and Mike Champion and Steven B Byrne},
  title  = {{Document Object Model (DOM) Level 2 Core Specification}},
  note = {\url{http://www.w3.org/TR/2000/REC-DOM-Level-2-Core-20001113}. Latest version available at \url{http://www.w3.org/TR/DOM-Level-2-Core/}},
  year = {2000},
  month = dec,
  bibsource = "http://www.w3.org/2002/01/tr-automation/tr.rdf",
  type = "Recommendation",
  institution = "W3C",
}
  
@TechReport{:2000,
  author = {},
  title  = {{Document Object Model (DOM) Level 2 Events Specification}},
  note = {\url{http://www.w3.org/TR/2000/REC-DOM-Level-2-Events-20001113}. Latest version available at \url{http://www.w3.org/TR/DOM-Level-2-Events/}},
  year = {2000},
  month = dec,
  bibsource = "http://www.w3.org/2002/01/tr-automation/tr.rdf",
  type = "Recommendation",
  institution = "W3C",
}
  
@TechReport{Wilson:2000,
  author = {Chris Wilson and Philippe Le Hégaret},
  title  = {{Document Object Model (DOM) Level 2 Style Specification}},
  note = {\url{http://www.w3.org/TR/2000/REC-DOM-Level-2-Style-20001113}. Latest version available at \url{http://www.w3.org/TR/DOM-Level-2-Style/}},
  year = {2000},
  month = dec,
  bibsource = "http://www.w3.org/2002/01/tr-automation/tr.rdf",
  type = "Recommendation",
  institution = "W3C",
}
  
@TechReport{Kesselman:2000,
  author = {Joseph Kesselman and Jonathan Robie and Mike Champion and Peter Sharpe and Lauren Wood},
  title  = {{Document Object Model (DOM) Level 2 Traversal and Range Specification}},
  note = {\url{http://www.w3.org/TR/2000/REC-DOM-Level-2-Traversal-Range-20001113}. Latest version available at \url{http://www.w3.org/TR/DOM-Level-2-Traversal-Range/}},
  year = {2000},
  month = dec,
  bibsource = "http://www.w3.org/2002/01/tr-automation/tr.rdf",
  type = "Recommendation",
  institution = "W3C",
}
  
@TechReport{LeHors:2000,
  author = {Arnaud Le Hors and Laurence Cable},
  title  = {{Document Object Model (DOM) Level 2 Views Specification}},
  note = {\url{http://www.w3.org/TR/2000/REC-DOM-Level-2-Views-20001113}. Latest version available at \url{http://www.w3.org/TR/DOM-Level-2-Views}},
  year = {2000},
  month = dec,
  bibsource = "http://www.w3.org/2002/01/tr-automation/tr.rdf",
  type = "Recommendation",
  institution = "W3C",
}
  
@TechReport{Baker:2000,
  author = {Mark Baker and Masayasu Ishikawa and Shinichi Matsui and Peter Stark and Ted Wugofski and Toshihiko Yamakami},
  title  = {{XHTML™ Basic}},
  note = {\url{http://www.w3.org/TR/2000/REC-xhtml-basic-20001219}. Latest version available at \url{http://www.w3.org/TR/xhtml-basic}},
  year = {2000},
  month = ,
  bibsource = "http://www.w3.org/2002/01/tr-automation/tr.rdf",
  type = "Recommendation",
  institution = "W3C",
}
  
@TechReport{Pemberton:2000,
  author = {Steven Pemberton},
  title  = {{XHTML™ 1.0: The Extensible HyperText Markup Language - A Reformulation of HTML 4 in XML 1.0}},
  note = {\url{http://www.w3.org/TR/2000/REC-xhtml1-20000126}. Latest version available at \url{http://www.w3.org/TR/xhtml1}},
  year = {2000},
  month = jan,
  bibsource = "http://www.w3.org/2002/01/tr-automation/tr.rdf",
  type = "Recommendation",
  institution = "W3C",
}
  
@TechReport{Bray:2000,
  author = {Tim Bray and Jean Paoli and Michael Sperberg-McQueen and Eve Maler},
  title  = {{Extensible Markup Language (XML) 1.0 (Second Edition)}},
  note = {\url{http://www.w3.org/TR/2000/REC-xml-20001006}. Latest version available at \url{http://www.w3.org/TR/REC-xml}},
  year = {2000},
  month = nov,
  bibsource = "http://www.w3.org/2002/01/tr-automation/tr.rdf",
  type = "Recommendation",
  institution = "W3C",
}
  
@TechReport{Carlisle:2001,
  author = {David Carlisle and Patrick D F Ion and Robert R Miner and Nico Poppelier},
  title  = {{Mathematical Markup Language (MathML) Version 2.0}},
  note = {\url{http://www.w3.org/TR/2001/REC-MathML2-20010221/}. Latest version available at \url{http://www.w3.org/TR/MathML2}},
  year = {2001},
  month = feb,
  bibsource = "http://www.w3.org/2002/01/tr-automation/tr.rdf",
  type = "Recommendation",
  institution = "W3C",
}
  
@TechReport{Sawicki:2001,
  author = {Marcin Sawicki and Michel Suignard and Masayasu Ishikawa and Martin Dürst and Tex Texin},
  title  = {{Ruby Annotation}},
  note = {\url{http://www.w3.org/TR/2001/REC-ruby-20010531}. Latest version available at \url{http://www.w3.org/TR/ruby/}},
  year = {2001},
  month = may,
  bibsource = "http://www.w3.org/2002/01/tr-automation/tr.rdf",
  type = "Recommendation",
  institution = "W3C",
}
  
@TechReport{Schmitz:2001,
  author = {Patrick Schmitz and Aaron Cohen},
  title  = {{SMIL Animation}},
  note = {\url{http://www.w3.org/TR/2001/REC-smil-animation-20010904}. Latest version available at \url{http://www.w3.org/TR/smil-animation/}},
  year = {2001},
  month = sep,
  bibsource = "http://www.w3.org/2002/01/tr-automation/tr.rdf",
  type = "Recommendation",
  institution = "W3C",
}
  
@TechReport{Ayars:2001,
  author = {Jeffrey Ayars and Dick Bulterman and Aaron Cohen and Ken Day and Erik Hodge and Philipp Hoschka and Eric Hyche and Kenichi Kubota and Rob Lanphier and Nabil Layaida and Thierry Michel and Jacco van Ossenbruggen and Lloyd Rutledge and Bridie Saccocio and Patrick Schmitz and Warner ten Kate},
  title  = {{Synchronized Multimedia Integration Language (SMIL 2.0) Specification}},
  note = {\url{http://www.w3.org/TR/2001/REC-smil20-20010807/}. Latest version available at \url{http://www.w3.org/TR/smil20/}},
  year = {2001},
  month = aug,
  bibsource = "http://www.w3.org/2002/01/tr-automation/tr.rdf",
  type = "Recommendation",
  institution = "W3C",
}
  
@TechReport{Ferraiolo:2001,
  author = {Jon Ferraiolo},
  title  = {{Scalable Vector Graphics (SVG) 1.0 Specification}},
  note = {\url{http://www.w3.org/TR/2001/REC-SVG-20010904}. Latest version available at \url{http://www.w3.org/TR/SVG/}},
  year = {2001},
  month = sep,
  bibsource = "http://www.w3.org/2002/01/tr-automation/tr.rdf",
  type = "Recommendation",
  institution = "W3C",
}
  
@TechReport{Cruikshank:2001,
  author = {David Cruikshank and Lofton Henderson},
  title  = {{WebCGM 1.0 Second Release}},
  note = {\url{http://www.w3.org/TR/2001/REC-WebCGM-20011217/}. Latest version available at \url{http://www.w3.org/TR/REC-WebCGM}},
  year = {2001},
  month = ,
  bibsource = "http://www.w3.org/2002/01/tr-automation/tr.rdf",
  type = "Recommendation",
  institution = "W3C",
}
  
@TechReport{Altheim:2001,
  author = {Murray Altheim and Frank Boumphrey and Sam Dooley and Shane McCarron and Sebastian Schnitzenbaumer and Ted Wugofski},
  title  = {{Modularization of XHTML™}},
  note = {\url{http://www.w3.org/TR/2001/REC-xhtml-modularization-20010410/}. Latest version available at \url{http://www.w3.org/TR/xhtml-modularization/}},
  year = {2001},
  month = apr,
  bibsource = "http://www.w3.org/2002/01/tr-automation/tr.rdf",
  type = "Recommendation",
  institution = "W3C",
}
  
@TechReport{Altheim:2001,
  author = {Murray Altheim and Shane McCarron},
  title  = {{XHTML™ 1.1 - Module-based XHTML}},
  note = {\url{http://www.w3.org/TR/2001/REC-xhtml11-20010531}. Latest version available at \url{http://www.w3.org/TR/xhtml11/}},
  year = {2001},
  month = may,
  bibsource = "http://www.w3.org/2002/01/tr-automation/tr.rdf",
  type = "Recommendation",
  institution = "W3C",
}
  
@TechReport{DeRose:2001,
  author = {Steven DeRose and Eve Maler and David Orchard},
  title  = {{XML Linking Language (XLink) Version 1.0}},
  note = {\url{http://www.w3.org/TR/2001/REC-xlink-20010627/}. Latest version available at \url{http://www.w3.org/TR/xlink/}},
  year = {2001},
  month = jun,
  bibsource = "http://www.w3.org/2002/01/tr-automation/tr.rdf",
  type = "Recommendation",
  institution = "W3C",
}
  
@TechReport{Boyer:2001,
  author = {John Boyer},
  title  = {{Canonical XML Version 1.0}},
  note = {\url{http://www.w3.org/TR/2001/REC-xml-c14n-20010315}. Latest version available at \url{http://www.w3.org/TR/xml-c14n}},
  year = {2001},
  month = mar,
  bibsource = "http://www.w3.org/2002/01/tr-automation/tr.rdf",
  type = "Recommendation",
  institution = "W3C",
}
  
@TechReport{Cowan:2001,
  author = {John Cowan and Richard Tobin},
  title  = {{XML Information Set}},
  note = {\url{http://www.w3.org/TR/2001/REC-xml-infoset-20011024/}. Latest version available at \url{http://www.w3.org/TR/xml-infoset}},
  year = {2001},
  month = nov,
  bibsource = "http://www.w3.org/2002/01/tr-automation/tr.rdf",
  type = "Recommendation",
  institution = "W3C",
}
  
@TechReport{Marsh:2001,
  author = {Jonathan Marsh},
  title  = {{XML Base}},
  note = {\url{http://www.w3.org/TR/2001/REC-xmlbase-20010627/}. Latest version available at \url{http://www.w3.org/TR/xmlbase/}},
  year = {2001},
  month = jun,
  bibsource = "http://www.w3.org/2002/01/tr-automation/tr.rdf",
  type = "Recommendation",
  institution = "W3C",
}
  
@TechReport{Fallside:2001,
  author = {David Fallside},
  title  = {{XML Schema Part 0: Primer}},
  note = {\url{http://www.w3.org/TR/2001/REC-xmlschema-0-20010502/}. Latest version available at \url{http://www.w3.org/TR/xmlschema-0/}},
  year = {2001},
  month = may,
  bibsource = "http://www.w3.org/2002/01/tr-automation/tr.rdf",
  type = "Recommendation",
  institution = "W3C",
}
  
@TechReport{Thompson:2001,
  author = {Henry Thompson and David Beech and Murray Maloney and Noah Mendelsohn},
  title  = {{XML Schema Part 1: Structures}},
  note = {\url{http://www.w3.org/TR/2001/REC-xmlschema-1-20010502/}. Latest version available at \url{http://www.w3.org/TR/xmlschema-1/}},
  year = {2001},
  month = may,
  bibsource = "http://www.w3.org/2002/01/tr-automation/tr.rdf",
  type = "Recommendation",
  institution = "W3C",
}
  
@TechReport{VBiron:2001,
  author = {Paul V. Biron and Ashok Malhotra},
  title  = {{XML Schema Part 2: Datatypes}},
  note = {\url{http://www.w3.org/TR/2001/REC-xmlschema-2-20010502/}. Latest version available at \url{http://www.w3.org/TR/xmlschema-2/}},
  year = {2001},
  month = may,
  bibsource = "http://www.w3.org/2002/01/tr-automation/tr.rdf",
  type = "Recommendation",
  institution = "W3C",
}
  
@TechReport{Adler:2001,
  author = {Sharon Adler and Anders Berglund and Jeffrey Caruso and Stephen Deach and Tony Graham and Paul Grosso and Eduardo Gutentag and Alex Milowski and Scott Parnell and Jeremy Richman and Steve Zilles},
  title  = {{Extensible Stylesheet Language (XSL) Version 1.0}},
  note = {\url{http://www.w3.org/TR/2001/REC-xsl-20011015/}. Latest version available at \url{http://www.w3.org/TR/xsl/}},
  year = {2001},
  month = nov,
  bibsource = "http://www.w3.org/2002/01/tr-automation/tr.rdf",
  type = "Recommendation",
  institution = "W3C",
}
  
@TechReport{Marchiori:2002,
  author = {Massimo Marchiori},
  title  = {{The Platform for Privacy Preferences 1.0 (P3P1.0)
Specification}},
  note = {\url{http://www.w3.org/TR/2002/REC-P3P-20020416/}. Latest version available at \url{http://www.w3.org/TR/P3P/}},
  year = {2002},
  month = apr,
  bibsource = "http://www.w3.org/2002/01/tr-automation/tr.rdf",
  type = "Recommendation",
  institution = "W3C",
}
  
@TechReport{Jacobs:2002,
  author = {Ian Jacobs and Jon Gunderson and Eric Hansen},
  title  = {{User Agent Accessibility Guidelines 1.0}},
  note = {\url{http://www.w3.org/TR/2002/REC-UAAG10-20021217/}. Latest version available at \url{http://www.w3.org/TR/UAAG10/}},
  year = {2002},
  month = ,
  bibsource = "http://www.w3.org/2002/01/tr-automation/tr.rdf",
  type = "Recommendation",
  institution = "W3C",
}
  
@TechReport{Pemberton:2002,
  author = {Steven Pemberton},
  title  = {{XHTML™ 1.0 The Extensible HyperText Markup Language (Second Edition)}},
  note = {\url{http://www.w3.org/TR/2002/REC-xhtml1-20020801}. Latest version available at \url{http://www.w3.org/TR/xhtml1}},
  year = {2002},
  month = aug,
  bibsource = "http://www.w3.org/2002/01/tr-automation/tr.rdf",
  type = "Recommendation",
  institution = "W3C",
}
  
@TechReport{Boyer:2002,
  author = {John Boyer and Donald Eastlake and Joseph Reagle},
  title  = {{Exclusive XML Canonicalization Version 1.0}},
  note = {\url{http://www.w3.org/TR/2002/REC-xml-exc-c14n-20020718/}. Latest version available at \url{http://www.w3.org/TR/xml-exc-c14n}},
  year = {2002},
  month = jul,
  bibsource = "http://www.w3.org/2002/01/tr-automation/tr.rdf",
  type = "Recommendation",
  institution = "W3C",
}
  
@TechReport{Eastlake:2002,
  author = {Donald Eastlake and Joseph Reagle and David Solo},
  title  = {{XML-Signature Syntax and Processing}},
  note = {\url{http://www.w3.org/TR/2002/REC-xmldsig-core-20020212/}. Latest version available at \url{http://www.w3.org/TR/xmldsig-core/}},
  year = {2002},
  month = feb,
  bibsource = "http://www.w3.org/2002/01/tr-automation/tr.rdf",
  type = "Recommendation",
  institution = "W3C",
}
  
@TechReport{Boyer:2002,
  author = {John Boyer and Merlin Hughes and Joseph Reagle},
  title  = {{XML-Signature XPath Filter 2.0}},
  note = {\url{http://www.w3.org/TR/2002/REC-xmldsig-filter2-20021108/}. Latest version available at \url{http://www.w3.org/TR/xmldsig-filter2/}},
  year = {2002},
  month = dec,
  bibsource = "http://www.w3.org/2002/01/tr-automation/tr.rdf",
  type = "Recommendation",
  institution = "W3C",
}
  
@TechReport{Eastlake:2002,
  author = {Donald Eastlake and Joseph Reagle},
  title  = {{XML Encryption Syntax and Processing}},
  note = {\url{http://www.w3.org/TR/2002/REC-xmlenc-core-20021210/}. Latest version available at \url{http://www.w3.org/TR/xmlenc-core/}},
  year = {2002},
  month = ,
  bibsource = "http://www.w3.org/2002/01/tr-automation/tr.rdf",
  type = "Recommendation",
  institution = "W3C",
}
  
@TechReport{Hughes:2002,
  author = {Merlin Hughes and Takeshi Imamura and Hiroshi Maruyama},
  title  = {{Decryption Transform for XML Signature}},
  note = {\url{http://www.w3.org/TR/2002/REC-xmlenc-decrypt-20021210}. Latest version available at \url{http://www.w3.org/TR/xmlenc-decrypt}},
  year = {2002},
  month = ,
  bibsource = "http://www.w3.org/2002/01/tr-automation/tr.rdf",
  type = "Recommendation",
  institution = "W3C",
}
  
@TechReport{Stenback:2003,
  author = {Johnny Stenback and Philippe Le Hégaret and Arnaud Le Hors},
  title  = {{Document Object Model (DOM) Level 2 HTML
Specification}},
  note = {\url{http://www.w3.org/TR/2003/REC-DOM-Level-2-HTML-20030109}. Latest version available at \url{http://www.w3.org/TR/DOM-Level-2-HTML/}},
  year = {2003},
  month = jan,
  bibsource = "http://www.w3.org/2002/01/tr-automation/tr.rdf",
  type = "Recommendation",
  institution = "W3C",
}
  
@TechReport{Carlisle:2003,
  author = {David Carlisle and Patrick D F Ion and Robert R Miner and Nico Poppelier},
  title  = {{Mathematical Markup Language (MathML) Version 2.0 (Second Edition)}},
  note = {\url{http://www.w3.org/TR/2003/REC-MathML2-20031021/}. Latest version available at \url{http://www.w3.org/TR/MathML2/}},
  year = {2003},
  month = nov,
  bibsource = "http://www.w3.org/2002/01/tr-automation/tr.rdf",
  type = "Recommendation",
  institution = "W3C",
}
  
@TechReport{Duce:2003,
  author = {David Duce},
  title  = {{Portable Network Graphics (PNG) Specification (Second Edition)}},
  note = {\url{http://www.w3.org/TR/2003/REC-PNG-20031110}. Latest version available at \url{http://www.w3.org/TR/PNG}},
  year = {2003},
  month = dec,
  bibsource = "http://www.w3.org/2002/01/tr-automation/tr.rdf",
  type = "Recommendation",
  institution = "W3C",
}
  
@TechReport{Mitra:2003,
  author = {Nilo Mitra},
  title  = {{SOAP Version 1.2 Part 0: Primer}},
  note = {\url{http://www.w3.org/TR/2003/REC-soap12-part0-20030624/}. Latest version available at \url{http://www.w3.org/TR/soap12-part0/}},
  year = {2003},
  month = jun,
  bibsource = "http://www.w3.org/2002/01/tr-automation/tr.rdf",
  type = "Recommendation",
  institution = "W3C",
}
  
@TechReport{Gudgin:2003,
  author = {Martin Gudgin and Marc Hadley and Noah Mendelsohn and Jean-Jacques Moreau and Henrik Frystyk Nielsen},
  title  = {{SOAP Version 1.2 Part 1: Messaging Framework}},
  note = {\url{http://www.w3.org/TR/2003/REC-soap12-part1-20030624/}. Latest version available at \url{http://www.w3.org/TR/soap12-part1/}},
  year = {2003},
  month = jun,
  bibsource = "http://www.w3.org/2002/01/tr-automation/tr.rdf",
  type = "Recommendation",
  institution = "W3C",
}
  
@TechReport{Gudgin:2003,
  author = {Martin Gudgin and Marc Hadley and Noah Mendelsohn and Jean-Jacques Moreau and Henrik Frystyk Nielsen},
  title  = {{SOAP Version 1.2 Part 2: Adjuncts}},
  note = {\url{http://www.w3.org/TR/2003/REC-soap12-part2-20030624/}. Latest version available at \url{http://www.w3.org/TR/soap12-part2/}},
  year = {2003},
  month = jun,
  bibsource = "http://www.w3.org/2002/01/tr-automation/tr.rdf",
  type = "Recommendation",
  institution = "W3C",
}
  
@TechReport{Haas:2003,
  author = {Hugo Haas and Oisin Hurley and Anish Karmarkar and Jeff Mischkinsky and Mark Jones and Lynne R. Thompson and Richard D. Martin},
  title  = {{SOAP Version 1.2 Specification Assertions and Test Collection}},
  note = {\url{http://www.w3.org/TR/2003/REC-soap12-testcollection-20030624/}. Latest version available at \url{http://www.w3.org/TR/soap12-testcollection}},
  year = {2003},
  month = jun,
  bibsource = "http://www.w3.org/2002/01/tr-automation/tr.rdf",
  type = "Recommendation",
  institution = "W3C",
}
  
@TechReport{Ferraiolo:2003,
  author = {Jon Ferraiolo and Jun Fujisawa and Dean Jackson},
  title  = {{Scalable Vector Graphics (SVG) 1.1 Specification}},
  note = {\url{http://www.w3.org/TR/2003/REC-SVG11-20030114/}. Latest version available at \url{http://www.w3.org/TR/SVG11/}},
  year = {2003},
  month = jan,
  bibsource = "http://www.w3.org/2002/01/tr-automation/tr.rdf",
  type = "Recommendation",
  institution = "W3C",
}
  
@TechReport{Capin:2003,
  author = {Tolga Capin},
  title  = {{Mobile SVG Profiles: SVG Tiny and SVG Basic
    }},
  note = {\url{http://www.w3.org/TR/2003/REC-SVGMobile-20030114/}. Latest version available at \url{http://www.w3.org/TR/SVGMobile/}},
  year = {2003},
  month = jan,
  bibsource = "http://www.w3.org/2002/01/tr-automation/tr.rdf",
  type = "Recommendation",
  institution = "W3C",
}
  
@TechReport{Dubinko:2003,
  author = {Micah Dubinko and L Klotz and Roland Merrick and T.V. Raman},
  title  = {{XForms 1.0}},
  note = {\url{http://www.w3.org/TR/2003/REC-xforms-20031014/}. Latest version available at \url{http://www.w3.org/TR/xforms/}},
  year = {2003},
  month = nov,
  bibsource = "http://www.w3.org/2002/01/tr-automation/tr.rdf",
  type = "Recommendation",
  institution = "W3C",
}
  
@TechReport{McCarron:2003,
  author = {Shane McCarron and Steven Pemberton and T.V. Raman},
  title  = {{XML Events}},
  note = {\url{http://www.w3.org/TR/2003/REC-xml-events-20031014}. Latest version available at \url{http://www.w3.org/TR/xml-events}},
  year = {2003},
  month = nov,
  bibsource = "http://www.w3.org/2002/01/tr-automation/tr.rdf",
  type = "Recommendation",
  institution = "W3C",
}
  
@TechReport{Grosso:2003,
  author = {Paul Grosso and Eve Maler and Jonathan Marsh and Norman Walsh},
  title  = {{XPointer element() Scheme}},
  note = {\url{http://www.w3.org/TR/2003/REC-xptr-element-20030325/}. Latest version available at \url{http://www.w3.org/TR/xptr-element/}},
  year = {2003},
  month = mar,
  bibsource = "http://www.w3.org/2002/01/tr-automation/tr.rdf",
  type = "Recommendation",
  institution = "W3C",
}
  
@TechReport{Grosso:2003,
  author = {Paul Grosso and Eve Maler and Jonathan Marsh and Norman Walsh},
  title  = {{XPointer Framework}},
  note = {\url{http://www.w3.org/TR/2003/REC-xptr-framework-20030325/}. Latest version available at \url{http://www.w3.org/TR/xptr-framework/}},
  year = {2003},
  month = mar,
  bibsource = "http://www.w3.org/2002/01/tr-automation/tr.rdf",
  type = "Recommendation",
  institution = "W3C",
}
  
@TechReport{DeRose:2003,
  author = {Steven DeRose and Ron Daniel and Eve Maler and Jonathan Marsh},
  title  = {{XPointer xmlns() Scheme}},
  note = {\url{http://www.w3.org/TR/2003/REC-xptr-xmlns-20030325/}. Latest version available at \url{http://www.w3.org/TR/xptr-xmlns/}},
  year = {2003},
  month = mar,
  bibsource = "http://www.w3.org/2002/01/tr-automation/tr.rdf",
  type = "Recommendation",
  institution = "W3C",
}
  
@TechReport{Klyne:2004,
  author = {Graham Klyne and Franklin Reynolds and Christopher Woodrow and Hidetaka Ohto and Johan Hjelm and Mark Butler and Luu Tran},
  title  = {{Composite Capability/Preference Profiles (CC/PP): Structure and Vocabularies 1.0}},
  note = {\url{http://www.w3.org/TR/2004/REC-CCPP-struct-vocab-20040115/}. Latest version available at \url{http://www.w3.org/TR/CCPP-struct-vocab/}},
  year = {2004},
  month = jan,
  bibsource = "http://www.w3.org/2002/01/tr-automation/tr.rdf",
  type = "Recommendation",
  institution = "W3C",
}
  
@TechReport{LeHors:2004,
  author = {Arnaud Le Hors and Philippe Le Hégaret and Lauren Wood and Gavin Nicol and Jonathan Robie and Mike Champion and Steven B Byrne},
  title  = {{Document Object Model (DOM) Level 3 Core Specification}},
  note = {\url{http://www.w3.org/TR/2004/REC-DOM-Level-3-Core-20040407}. Latest version available at \url{http://www.w3.org/TR/DOM-Level-3-Core/}},
  year = {2004},
  month = apr,
  bibsource = "http://www.w3.org/2002/01/tr-automation/tr.rdf",
  type = "Recommendation",
  institution = "W3C",
}
  
@TechReport{Stenback:2004,
  author = {Johnny Stenback and Andy Heninger},
  title  = {{Document Object Model (DOM) Level 3 Load and Save Specification}},
  note = {\url{http://www.w3.org/TR/2004/REC-DOM-Level-3-LS-20040407}. Latest version available at \url{http://www.w3.org/TR/DOM-Level-3-LS}},
  year = {2004},
  month = apr,
  bibsource = "http://www.w3.org/2002/01/tr-automation/tr.rdf",
  type = "Recommendation",
  institution = "W3C",
}
  
@TechReport{Chang:2004,
  author = {Ben Chang and Joseph Kesselman and rezaur rahman},
  title  = {{Document Object Model (DOM) Level 3 Validation Specification}},
  note = {\url{http://www.w3.org/TR/2004/REC-DOM-Level-3-Val-20040127}. Latest version available at \url{http://www.w3.org/TR/DOM-Level-3-Val}},
  year = {2004},
  month = jan,
  bibsource = "http://www.w3.org/2002/01/tr-automation/tr.rdf",
  type = "Recommendation",
  institution = "W3C",
}
  
@TechReport{McGuinness:2004,
  author = {Deborah McGuinness and Frank van Harmelen},
  title  = {{OWL Web Ontology Language Overview}},
  note = {\url{http://www.w3.org/TR/2004/REC-owl-features-20040210/}. Latest version available at \url{http://www.w3.org/TR/owl-features/}},
  year = {2004},
  month = feb,
  bibsource = "http://www.w3.org/2002/01/tr-automation/tr.rdf",
  type = "Recommendation",
  institution = "W3C",
}
  
@TechReport{Welty:2004,
  author = {Christopher Welty and Deborah McGuinness},
  title  = {{OWL Web Ontology Language Guide}},
  note = {\url{http://www.w3.org/TR/2004/REC-owl-guide-20040210/}. Latest version available at \url{http://www.w3.org/TR/owl-guide/}},
  year = {2004},
  month = feb,
  bibsource = "http://www.w3.org/2002/01/tr-automation/tr.rdf",
  type = "Recommendation",
  institution = "W3C",
}
  
@TechReport{Dean:2004,
  author = {Mike Dean and Guus Schreiber},
  title  = {{OWL Web Ontology Language Reference}},
  note = {\url{http://www.w3.org/TR/2004/REC-owl-ref-20040210/}. Latest version available at \url{http://www.w3.org/TR/owl-ref/}},
  year = {2004},
  month = feb,
  bibsource = "http://www.w3.org/2002/01/tr-automation/tr.rdf",
  type = "Recommendation",
  institution = "W3C",
}
  
@TechReport{PatelSchneider:2004,
  author = {Peter Patel-Schneider and Patrick Hayes and Ian Horrocks},
  title  = {{OWL Web Ontology Language Semantics and Abstract Syntax}},
  note = {\url{http://www.w3.org/TR/2004/REC-owl-semantics-20040210/}. Latest version available at \url{http://www.w3.org/TR/owl-semantics/}},
  year = {2004},
  month = feb,
  bibsource = "http://www.w3.org/2002/01/tr-automation/tr.rdf",
  type = "Recommendation",
  institution = "W3C",
}
  
@TechReport{Carroll:2004,
  author = {Jeremy Carroll and Jos De Roo},
  title  = {{OWL Web Ontology Language Test Cases}},
  note = {\url{http://www.w3.org/TR/2004/REC-owl-test-20040210/}. Latest version available at \url{http://www.w3.org/TR/owl-test/}},
  year = {2004},
  month = feb,
  bibsource = "http://www.w3.org/2002/01/tr-automation/tr.rdf",
  type = "Recommendation",
  institution = "W3C",
}
  
@TechReport{Klyne:2004,
  author = {Graham Klyne and Jeremy Carroll},
  title  = {{Resource Description Framework (RDF): Concepts and Abstract Syntax}},
  note = {\url{http://www.w3.org/TR/2004/REC-rdf-concepts-20040210/}. Latest version available at \url{http://www.w3.org/TR/rdf-concepts/}},
  year = {2004},
  month = feb,
  bibsource = "http://www.w3.org/2002/01/tr-automation/tr.rdf",
  type = "Recommendation",
  institution = "W3C",
}
  
@TechReport{Hayes:2004,
  author = {Patrick Hayes},
  title  = {{RDF Semantics}},
  note = {\url{http://www.w3.org/TR/2004/REC-rdf-mt-20040210/}. Latest version available at \url{http://www.w3.org/TR/rdf-mt/}},
  year = {2004},
  month = feb,
  bibsource = "http://www.w3.org/2002/01/tr-automation/tr.rdf",
  type = "Recommendation",
  institution = "W3C",
}
  
@TechReport{Manola:2004,
  author = {Frank Manola and Eric Miller},
  title  = {{RDF Primer}},
  note = {\url{http://www.w3.org/TR/2004/REC-rdf-primer-20040210/}. Latest version available at \url{http://www.w3.org/TR/rdf-primer/}},
  year = {2004},
  month = feb,
  bibsource = "http://www.w3.org/2002/01/tr-automation/tr.rdf",
  type = "Recommendation",
  institution = "W3C",
}
  
@TechReport{Brickley:2004,
  author = {Dan Brickley and Ramanathan Guha},
  title  = {{RDF Vocabulary Description Language 1.0: RDF Schema}},
  note = {\url{http://www.w3.org/TR/2004/REC-rdf-schema-20040210/}. Latest version available at \url{http://www.w3.org/TR/rdf-schema}},
  year = {2004},
  month = feb,
  bibsource = "http://www.w3.org/2002/01/tr-automation/tr.rdf",
  type = "Recommendation",
  institution = "W3C",
}
  
@TechReport{Beckett:2004,
  author = {Dave Beckett},
  title  = {{RDF/XML Syntax Specification (Revised)}},
  note = {\url{http://www.w3.org/TR/2004/REC-rdf-syntax-grammar-20040210/}. Latest version available at \url{http://www.w3.org/TR/rdf-syntax-grammar}},
  year = {2004},
  month = feb,
  bibsource = "http://www.w3.org/2002/01/tr-automation/tr.rdf",
  type = "Recommendation",
  institution = "W3C",
}
  
@TechReport{grant:2004,
  author = {jan grant and Dave Beckett},
  title  = {{RDF Test Cases}},
  note = {\url{http://www.w3.org/TR/2004/REC-rdf-testcases-20040210/}. Latest version available at \url{http://www.w3.org/TR/rdf-testcases}},
  year = {2004},
  month = feb,
  bibsource = "http://www.w3.org/2002/01/tr-automation/tr.rdf",
  type = "Recommendation",
  institution = "W3C",
}
  
@TechReport{Hunt:2004,
  author = {Andrew Hunt and Scott McGlashan},
  title  = {{Speech Recognition Grammar Specification Version 1.0}},
  note = {\url{http://www.w3.org/TR/2004/REC-speech-grammar-20040316/}. Latest version available at \url{http://www.w3.org/TR/speech-grammar}},
  year = {2004},
  month = mar,
  bibsource = "http://www.w3.org/2002/01/tr-automation/tr.rdf",
  type = "Recommendation",
  institution = "W3C",
}
  
@TechReport{Burnett:2004,
  author = {Daniel Burnett and Mark Walker and Andrew Hunt},
  title  = {{Speech Synthesis Markup Language (SSML) Version 1.0}},
  note = {\url{http://www.w3.org/TR/2004/REC-speech-synthesis-20040907/}. Latest version available at \url{http://www.w3.org/TR/speech-synthesis}},
  year = {2004},
  month = sep,
  bibsource = "http://www.w3.org/2002/01/tr-automation/tr.rdf",
  type = "Recommendation",
  institution = "W3C",
}
  
@TechReport{McGlashan:2004,
  author = {Scott McGlashan and Daniel Burnett and Jerry Carter and Peter Danielsen and Jim Ferrans and Andrew Hunt and Bruce Lucas and Brandon Porter and Kenneth Rehor and Steph Tryphonas},
  title  = {{Voice Extensible Markup Language (VoiceXML) Version 2.0}},
  note = {\url{http://www.w3.org/TR/2004/REC-voicexml20-20040316/}. Latest version available at \url{http://www.w3.org/TR/voicexml20}},
  year = {2004},
  month = mar,
  bibsource = "http://www.w3.org/2002/01/tr-automation/tr.rdf",
  type = "Recommendation",
  institution = "W3C",
}
  
@TechReport{Jacobs:2004,
  author = {Ian Jacobs and Norman Walsh},
  title  = {{Architecture of the World Wide Web, Volume One}},
  note = {\url{http://www.w3.org/TR/2004/REC-webarch-20041215/}. Latest version available at \url{http://www.w3.org/TR/webarch/}},
  year = {2004},
  month = ,
  bibsource = "http://www.w3.org/2002/01/tr-automation/tr.rdf",
  type = "Recommendation",
  institution = "W3C",
}
  
@TechReport{Heflin:2004,
  author = {Jeff Heflin},
  title  = {{OWL Web Ontology Language Use Cases and Requirements}},
  note = {\url{http://www.w3.org/TR/2004/REC-webont-req-20040210/}. Latest version available at \url{http://www.w3.org/TR/webont-req/}},
  year = {2004},
  month = feb,
  bibsource = "http://www.w3.org/2002/01/tr-automation/tr.rdf",
  type = "Recommendation",
  institution = "W3C",
}
  
@TechReport{Marsh:2004,
  author = {Jonathan Marsh and David Orchard},
  title  = {{XML Inclusions (XInclude) Version 1.0}},
  note = {\url{http://www.w3.org/TR/2004/REC-xinclude-20041220/}. Latest version available at \url{http://www.w3.org/TR/xinclude/}},
  year = {2004},
  month = ,
  bibsource = "http://www.w3.org/2002/01/tr-automation/tr.rdf",
  type = "Recommendation",
  institution = "W3C",
}
  
@TechReport{Bray:2004,
  author = {Tim Bray and Jean Paoli and Michael Sperberg-McQueen and Eve Maler and François Yergeau},
  title  = {{Extensible Markup Language (XML) 1.0 (Third Edition)}},
  note = {\url{http://www.w3.org/TR/2004/REC-xml-20040204}. Latest version available at \url{http://www.w3.org/TR/REC-xml}},
  year = {2004},
  month = feb,
  bibsource = "http://www.w3.org/2002/01/tr-automation/tr.rdf",
  type = "Recommendation",
  institution = "W3C",
}
  
@TechReport{Cowan:2004,
  author = {John Cowan and Richard Tobin},
  title  = {{XML Information Set (Second Edition)}},
  note = {\url{http://www.w3.org/TR/2004/REC-xml-infoset-20040204}. Latest version available at \url{http://www.w3.org/TR/xml-infoset}},
  year = {2004},
  month = feb,
  bibsource = "http://www.w3.org/2002/01/tr-automation/tr.rdf",
  type = "Recommendation",
  institution = "W3C",
}
  
@TechReport{Bray:2004,
  author = {Tim Bray and Dave Hollander and Andrew Layman and Richard Tobin},
  title  = {{Namespaces in XML 1.1}},
  note = {\url{http://www.w3.org/TR/2004/REC-xml-names11-20040204}. Latest version available at \url{http://www.w3.org/TR/xml-names11/}},
  year = {2004},
  month = feb,
  bibsource = "http://www.w3.org/2002/01/tr-automation/tr.rdf",
  type = "Recommendation",
  institution = "W3C",
}
  
@TechReport{Bray:2004,
  author = {Tim Bray and Jean Paoli and Michael Sperberg-McQueen and Eve Maler and François Yergeau and John Cowan},
  title  = {{Extensible Markup Language (XML) 1.1}},
  note = {\url{http://www.w3.org/TR/2004/REC-xml11-20040204/}. Latest version available at \url{http://www.w3.org/TR/xml11/}},
  year = {2004},
  month = feb,
  bibsource = "http://www.w3.org/2002/01/tr-automation/tr.rdf",
  type = "Recommendation",
  institution = "W3C",
}
  
@TechReport{Fallside:2004,
  author = {David Fallside and Priscilla Walmsley},
  title  = {{XML Schema Part 0: Primer Second Edition}},
  note = {\url{http://www.w3.org/TR/2004/REC-xmlschema-0-20041028/}. Latest version available at \url{http://www.w3.org/TR/xmlschema-0/}},
  year = {2004},
  month = nov,
  bibsource = "http://www.w3.org/2002/01/tr-automation/tr.rdf",
  type = "Recommendation",
  institution = "W3C",
}
  
@TechReport{Thompson:2004,
  author = {Henry Thompson and David Beech and Murray Maloney and Noah Mendelsohn},
  title  = {{XML Schema Part 1: Structures Second Edition}},
  note = {\url{http://www.w3.org/TR/2004/REC-xmlschema-1-20041028/}. Latest version available at \url{http://www.w3.org/TR/xmlschema-1/}},
  year = {2004},
  month = nov,
  bibsource = "http://www.w3.org/2002/01/tr-automation/tr.rdf",
  type = "Recommendation",
  institution = "W3C",
}
  
@TechReport{VBiron:2004,
  author = {Paul V. Biron and Ashok Malhotra},
  title  = {{XML Schema Part 2: Datatypes Second Edition}},
  note = {\url{http://www.w3.org/TR/2004/REC-xmlschema-2-20041028/}. Latest version available at \url{http://www.w3.org/TR/xmlschema-2/}},
  year = {2004},
  month = nov,
  bibsource = "http://www.w3.org/2002/01/tr-automation/tr.rdf",
  type = "Recommendation",
  institution = "W3C",
}
  
@TechReport{Drst:2005,
  author = {Martin Dürst and François Yergeau and Richard Ishida and Misha Wolf and Tex Texin},
  title  = {{Character Model for the World Wide Web 1.0: Fundamentals}},
  note = {\url{http://www.w3.org/TR/2005/REC-charmod-20050215/}. Latest version available at \url{http://www.w3.org/TR/charmod/}},
  year = {2005},
  month = feb,
  bibsource = "http://www.w3.org/2002/01/tr-automation/tr.rdf",
  type = "Recommendation",
  institution = "W3C",
}
  
@TechReport{Dubost:2005,
  author = {Karl Dubost and Lynne Rosenthal and Dominique Hazaël-Massieux and Lofton Henderson},
  title  = {{QA Framework: Specification Guidelines}},
  note = {\url{http://www.w3.org/TR/2005/REC-qaframe-spec-20050817/}. Latest version available at \url{http://www.w3.org/TR/qaframe-spec/}},
  year = {2005},
  month = aug,
  bibsource = "http://www.w3.org/2002/01/tr-automation/tr.rdf",
  type = "Recommendation",
  institution = "W3C",
}
  
@TechReport{Ayars:2005,
  author = {Jeffrey Ayars and Thierry Michel},
  title  = {{Synchronized Multimedia Integration Language (SMIL 2.0) - [Second Edition]}},
  note = {\url{http://www.w3.org/TR/2005/REC-SMIL2-20050107/}. Latest version available at \url{http://www.w3.org/TR/SMIL/}},
  year = {2005},
  month = jan,
  bibsource = "http://www.w3.org/2002/01/tr-automation/tr.rdf",
  type = "Recommendation",
  institution = "W3C",
}
  
@TechReport{Michel:2005,
  author = {Thierry Michel and Guido Grassel and Antti Koivisto and Nabil Layaida and Jack Jansen and Sjoerd Mullender and Daniel Zucker and Dick Bulterman},
  title  = {{Synchronized Multimedia Integration Language (SMIL 2.1)}},
  note = {\url{http://www.w3.org/TR/2005/REC-SMIL2-20051213/}. Latest version available at \url{http://www.w3.org/TR/SMIL2/}},
  year = {2005},
  month = ,
  bibsource = "http://www.w3.org/2002/01/tr-automation/tr.rdf",
  type = "Recommendation",
  institution = "W3C",
}
  
@TechReport{Gudgin:2005,
  author = {Martin Gudgin and Noah Mendelsohn and Mark Nottingham and Hervé Ruellan},
  title  = {{SOAP Message Transmission Optimization Mechanism}},
  note = {\url{http://www.w3.org/TR/2005/REC-soap12-mtom-20050125/}. Latest version available at \url{http://www.w3.org/TR/soap12-mtom}},
  year = {2005},
  month = jan,
  bibsource = "http://www.w3.org/2002/01/tr-automation/tr.rdf",
  type = "Recommendation",
  institution = "W3C",
}
  
@TechReport{Karmarkar:2005,
  author = {Anish Karmarkar and Martin Gudgin and Yves Lafon},
  title  = {{Resource Representation SOAP Header Block}},
  note = {\url{http://www.w3.org/TR/2005/REC-soap12-rep-20050125/}. Latest version available at \url{http://www.w3.org/TR/soap12-rep/}},
  year = {2005},
  month = jan,
  bibsource = "http://www.w3.org/2002/01/tr-automation/tr.rdf",
  type = "Recommendation",
  institution = "W3C",
}
  
@TechReport{HallamBaker:2005,
  author = {Phillip Hallam-Baker and Shivaram Mysore},
  title  = {{XML Key Management Specification (XKMS 2.0)}},
  note = {\url{http://www.w3.org/TR/2005/REC-xkms2-20050628/}. Latest version available at \url{http://www.w3.org/TR/xkms2/}},
  year = {2005},
  month = jun,
  bibsource = "http://www.w3.org/2002/01/tr-automation/tr.rdf",
  type = "Recommendation",
  institution = "W3C",
}
  
@TechReport{HallamBaker:2005,
  author = {Phillip Hallam-Baker and Shivaram Mysore},
  title  = {{XML Key Management Specification (XKMS 2.0) Bindings}},
  note = {\url{http://www.w3.org/TR/2005/REC-xkms2-bindings-20050628/}. Latest version available at \url{http://www.w3.org/TR/xkms2-bindings/}},
  year = {2005},
  month = jun,
  bibsource = "http://www.w3.org/2002/01/tr-automation/tr.rdf",
  type = "Recommendation",
  institution = "W3C",
}
  
@TechReport{Marsh:2005,
  author = {Jonathan Marsh and Daniel Veillard and Norman Walsh},
  title  = {{xml:id Version 1.0}},
  note = {\url{http://www.w3.org/TR/2005/REC-xml-id-20050909/}. Latest version available at \url{http://www.w3.org/TR/xml-id/}},
  year = {2005},
  month = sep,
  bibsource = "http://www.w3.org/2002/01/tr-automation/tr.rdf",
  type = "Recommendation",
  institution = "W3C",
}
  
@TechReport{Gudgin:2005,
  author = {Martin Gudgin and Noah Mendelsohn and Mark Nottingham and Hervé Ruellan},
  title  = {{XML-binary Optimized Packaging}},
  note = {\url{http://www.w3.org/TR/2005/REC-xop10-20050125/}. Latest version available at \url{http://www.w3.org/TR/xop10/}},
  year = {2005},
  month = jan,
  bibsource = "http://www.w3.org/2002/01/tr-automation/tr.rdf",
  type = "Recommendation",
  institution = "W3C",
}
  
@TechReport{Gudgin:2006,
  author = {Martin Gudgin and Marc Hadley and Tony Rogers},
  title  = {{Web Services Addressing 1.0 - Core}},
  note = {\url{http://www.w3.org/TR/2006/REC-ws-addr-core-20060509}. Latest version available at \url{http://www.w3.org/TR/ws-addr-core}},
  year = {2006},
  month = may,
  bibsource = "http://www.w3.org/2002/01/tr-automation/tr.rdf",
  type = "Recommendation",
  institution = "W3C",
}
  
@TechReport{Gudgin:2006,
  author = {Martin Gudgin and Marc Hadley and Tony Rogers},
  title  = {{Web Services Addressing 1.0 - SOAP Binding}},
  note = {\url{http://www.w3.org/TR/2006/REC-ws-addr-soap-20060509}. Latest version available at \url{http://www.w3.org/TR/ws-addr-soap}},
  year = {2006},
  month = may,
  bibsource = "http://www.w3.org/2002/01/tr-automation/tr.rdf",
  type = "Recommendation",
  institution = "W3C",
}
  
@TechReport{Boyer:2006,
  author = {John Boyer and David Landwehr and Roland Merrick and T.V. Raman and Micah Dubinko and L Klotz},
  title  = {{XForms 1.0 (Second Edition)}},
  note = {\url{http://www.w3.org/TR/2006/REC-xforms-20060314/}. Latest version available at \url{http://www.w3.org/TR/xforms/}},
  year = {2006},
  month = mar,
  bibsource = "http://www.w3.org/2002/01/tr-automation/tr.rdf",
  type = "Recommendation",
  institution = "W3C",
}
  
@TechReport{Grant:2006,
  author = {Melinda Grant and Jim Bigelow},
  title  = {{XHTML-Print}},
  note = {\url{http://www.w3.org/TR/2006/REC-xhtml-print-20060920/}. Latest version available at \url{http://www.w3.org/TR/xhtml-print}},
  year = {2006},
  month = sep,
  bibsource = "http://www.w3.org/2002/01/tr-automation/tr.rdf",
  type = "Recommendation",
  institution = "W3C",
}
  
@TechReport{Marsh:2006,
  author = {Jonathan Marsh and David Orchard and Daniel Veillard},
  title  = {{XML Inclusions (XInclude) Version 1.0 (Second Edition)}},
  note = {\url{http://www.w3.org/TR/2006/REC-xinclude-20061115/}. Latest version available at \url{http://www.w3.org/TR/xinclude/}},
  year = {2006},
  month = dec,
  bibsource = "http://www.w3.org/2002/01/tr-automation/tr.rdf",
  type = "Recommendation",
  institution = "W3C",
}
  
@TechReport{Bray:2006,
  author = {Tim Bray and Jean Paoli and Michael Sperberg-McQueen and Eve Maler and François Yergeau},
  title  = {{Extensible Markup Language (XML) 1.0 (Fourth Edition)}},
  note = {\url{http://www.w3.org/TR/2006/REC-xml-20060816}. Latest version available at \url{http://www.w3.org/TR/xml}},
  year = {2006},
  month = aug,
  bibsource = "http://www.w3.org/2002/01/tr-automation/tr.rdf",
  type = "Recommendation",
  institution = "W3C",
}
  
@TechReport{Bray:2006,
  author = {Tim Bray and Dave Hollander and Andrew Layman and Richard Tobin},
  title  = {{Namespaces in XML 1.0 (Second Edition)}},
  note = {\url{http://www.w3.org/TR/2006/REC-xml-names-20060816}. Latest version available at \url{http://www.w3.org/TR/xml-names}},
  year = {2006},
  month = aug,
  bibsource = "http://www.w3.org/2002/01/tr-automation/tr.rdf",
  type = "Recommendation",
  institution = "W3C",
}
  
@TechReport{Bray:2006,
  author = {Tim Bray and Dave Hollander and Andrew Layman and Richard Tobin},
  title  = {{Namespaces in XML 1.1 (Second Edition)}},
  note = {\url{http://www.w3.org/TR/2006/REC-xml-names11-20060816}. Latest version available at \url{http://www.w3.org/TR/xml-names11/}},
  year = {2006},
  month = aug,
  bibsource = "http://www.w3.org/2002/01/tr-automation/tr.rdf",
  type = "Recommendation",
  institution = "W3C",
}
  
@TechReport{Bray:2006,
  author = {Tim Bray and Jean Paoli and Michael Sperberg-McQueen and Eve Maler and François Yergeau and John Cowan},
  title  = {{Extensible Markup Language (XML) 1.1 (Second Edition)}},
  note = {\url{http://www.w3.org/TR/2006/REC-xml11-20060816}. Latest version available at \url{http://www.w3.org/TR/xml11/}},
  year = {2006},
  month = aug,
  bibsource = "http://www.w3.org/2002/01/tr-automation/tr.rdf",
  type = "Recommendation",
  institution = "W3C",
}
  
@TechReport{Berglund:2006,
  author = {Anders Berglund},
  title  = {{Extensible Stylesheet Language (XSL) Version 1.1}},
  note = {\url{http://www.w3.org/TR/2006/REC-xsl11-20061205/}. Latest version available at \url{http://www.w3.org/TR/xsl11/}},
  year = {2006},
  month = ,
  bibsource = "http://www.w3.org/2002/01/tr-automation/tr.rdf",
  type = "Recommendation",
  institution = "W3C",
}
  
@TechReport{Connolly:2007,
  author = {Dan Connolly},
  title  = {{Gleaning Resource Descriptions from Dialects of Languages (GRDDL)}},
  note = {\url{http://www.w3.org/TR/2007/REC-grddl-20070911/}. Latest version available at \url{http://www.w3.org/TR/grddl/}},
  year = {2007},
  month = sep,
  bibsource = "http://www.w3.org/2002/01/tr-automation/tr.rdf",
  type = "Recommendation",
  institution = "W3C",
}
  
@TechReport{Ogbuji:2007,
  author = {Chimezie Ogbuji},
  title  = {{GRDDL Test Cases}},
  note = {\url{http://www.w3.org/TR/2007/REC-grddl-tests-20070911/}. Latest version available at \url{http://www.w3.org/TR/grddl-tests/}},
  year = {2007},
  month = sep,
  bibsource = "http://www.w3.org/2002/01/tr-automation/tr.rdf",
  type = "Recommendation",
  institution = "W3C",
}
  
@TechReport{Lieske:2007,
  author = {Christian Lieske and Felix Sasaki},
  title  = {{Internationalization Tag Set (ITS) Version 1.0}},
  note = {\url{http://www.w3.org/TR/2007/REC-its-20070403/}. Latest version available at \url{http://www.w3.org/TR/its}},
  year = {2007},
  month = apr,
  bibsource = "http://www.w3.org/2002/01/tr-automation/tr.rdf",
  type = "Recommendation",
  institution = "W3C",
}
  
@TechReport{Farrell:2007,
  author = {Joel Farrell and Holger Lausen},
  title  = {{Semantic Annotations for WSDL and XML Schema}},
  note = {\url{http://www.w3.org/TR/2007/REC-sawsdl-20070828/}. Latest version available at \url{http://www.w3.org/TR/sawsdl/}},
  year = {2007},
  month = aug,
  bibsource = "http://www.w3.org/2002/01/tr-automation/tr.rdf",
  type = "Recommendation",
  institution = "W3C",
}
  
@TechReport{VanTichelen:2007,
  author = {Luc Van Tichelen and David Burke},
  title  = {{Semantic Interpretation for Speech Recognition (SISR) Version 1.0}},
  note = {\url{http://www.w3.org/TR/2007/REC-semantic-interpretation-20070405/}. Latest version available at \url{http://www.w3.org/TR/semantic-interpretation/}},
  year = {2007},
  month = apr,
  bibsource = "http://www.w3.org/2002/01/tr-automation/tr.rdf",
  type = "Recommendation",
  institution = "W3C",
}
  
@TechReport{Mitra:2007,
  author = {Nilo Mitra and Yves Lafon},
  title  = {{SOAP Version 1.2 Part 0: Primer (Second Edition)}},
  note = {\url{http://www.w3.org/TR/2007/REC-soap12-part0-20070427/}. Latest version available at \url{http://www.w3.org/TR/soap12-part0/}},
  year = {2007},
  month = apr,
  bibsource = "http://www.w3.org/2002/01/tr-automation/tr.rdf",
  type = "Recommendation",
  institution = "W3C",
}
  
@TechReport{Gudgin:2007,
  author = {Martin Gudgin and Marc Hadley and Noah Mendelsohn and Jean-Jacques Moreau and Henrik Frystyk Nielsen and Anish Karmarkar and Yves Lafon},
  title  = {{SOAP Version 1.2 Part 1: Messaging Framework (Second Edition)}},
  note = {\url{http://www.w3.org/TR/2007/REC-soap12-part1-20070427/}. Latest version available at \url{http://www.w3.org/TR/soap12-part1/}},
  year = {2007},
  month = apr,
  bibsource = "http://www.w3.org/2002/01/tr-automation/tr.rdf",
  type = "Recommendation",
  institution = "W3C",
}
  
@TechReport{Gudgin:2007,
  author = {Martin Gudgin and Marc Hadley and Noah Mendelsohn and Jean-Jacques Moreau and Henrik Frystyk Nielsen and Anish Karmarkar and Yves Lafon},
  title  = {{SOAP Version 1.2 Part 2: Adjuncts (Second Edition)}},
  note = {\url{http://www.w3.org/TR/2007/REC-soap12-part2-20070427/}. Latest version available at \url{http://www.w3.org/TR/soap12-part2/}},
  year = {2007},
  month = apr,
  bibsource = "http://www.w3.org/2002/01/tr-automation/tr.rdf",
  type = "Recommendation",
  institution = "W3C",
}
  
@TechReport{Haas:2007,
  author = {Hugo Haas and Oisin Hurley and Anish Karmarkar and Jeff Mischkinsky and Mark Jones and Lynne R. Thompson and Richard D. Martin},
  title  = {{SOAP Version 1.2 Specification Assertions and Test Collection (Second Edition)}},
  note = {\url{http://www.w3.org/TR/2007/REC-soap12-testcollection-20070427/}. Latest version available at \url{http://www.w3.org/TR/soap12-testcollection}},
  year = {2007},
  month = apr,
  bibsource = "http://www.w3.org/2002/01/tr-automation/tr.rdf",
  type = "Recommendation",
  institution = "W3C",
}
  
@TechReport{Oshry:2007,
  author = {Matt Oshry and RJ Auburn and Paolo Baggia and Michael Bodell and David Burke and Daniel Burnett and Jerry Carter and Scott McGlashan and Alex Lee and Brandon Porter and Kenneth Rehor},
  title  = {{Voice Extensible Markup Language (VoiceXML) 2.1}},
  note = {\url{http://www.w3.org/TR/2007/REC-voicexml21-20070619/}. Latest version available at \url{http://www.w3.org/TR/voicexml21/}},
  year = {2007},
  month = jun,
  bibsource = "http://www.w3.org/2002/01/tr-automation/tr.rdf",
  type = "Recommendation",
  institution = "W3C",
}
  
@TechReport{Bezaire:2007,
  author = {Benoit Bezaire and David Cruikshank and Lofton Henderson},
  title  = {{WebCGM 2.0}},
  note = {\url{http://www.w3.org/TR/2007/REC-webcgm20-20070130/}. Latest version available at \url{http://www.w3.org/TR/webcgm20/}},
  year = {2007},
  month = jan,
  bibsource = "http://www.w3.org/2002/01/tr-automation/tr.rdf",
  type = "Recommendation",
  institution = "W3C",
}
  
@TechReport{Gudgin:2007,
  author = {Martin Gudgin and Marc Hadley and Tony Rogers and Ümit Yalçinalp},
  title  = {{Web Services Addressing 1.0 - Metadata}},
  note = {\url{http://www.w3.org/TR/2007/REC-ws-addr-metadata-20070904}. Latest version available at \url{http://www.w3.org/TR/ws-addr-metadata}},
  year = {2007},
  month = sep,
  bibsource = "http://www.w3.org/2002/01/tr-automation/tr.rdf",
  type = "Recommendation",
  institution = "W3C",
}
  
@TechReport{Vedamuthu:2007,
  author = {Asir Vedamuthu and David Orchard and Frederick Hirsch and Maryann Hondo and Prasad Yendluri and Toufic Boubez and Ümit Yalçinalp},
  title  = {{Web Services Policy 1.5 - Framework}},
  note = {\url{http://www.w3.org/TR/2007/REC-ws-policy-20070904}. Latest version available at \url{http://www.w3.org/TR/ws-policy}},
  year = {2007},
  month = sep,
  bibsource = "http://www.w3.org/2002/01/tr-automation/tr.rdf",
  type = "Recommendation",
  institution = "W3C",
}
  
@TechReport{Vedamuthu:2007,
  author = {Asir Vedamuthu and David Orchard and Frederick Hirsch and Maryann Hondo and Prasad Yendluri and Toufic Boubez and Ümit Yalçinalp},
  title  = {{Web Services Policy 1.5 - Attachment}},
  note = {\url{http://www.w3.org/TR/2007/REC-ws-policy-attach-20070904}. Latest version available at \url{http://www.w3.org/TR/ws-policy-attach}},
  year = {2007},
  month = sep,
  bibsource = "http://www.w3.org/2002/01/tr-automation/tr.rdf",
  type = "Recommendation",
  institution = "W3C",
}
  
@TechReport{Chinnici:2007,
  author = {Roberto Chinnici and Jean-Jacques Moreau and Arthur Ryman and Sanjiva Weerawarana},
  title  = {{Web Services Description Language (WSDL) Version 2.0 Part 1: Core Language}},
  note = {\url{http://www.w3.org/TR/2007/REC-wsdl20-20070626}. Latest version available at \url{http://www.w3.org/TR/wsdl20}},
  year = {2007},
  month = jun,
  bibsource = "http://www.w3.org/2002/01/tr-automation/tr.rdf",
  type = "Recommendation",
  institution = "W3C",
}
  
@TechReport{Chinnici:2007,
  author = {Roberto Chinnici and Hugo Haas and Amelia Lewis and Jean-Jacques Moreau and David Orchard and Sanjiva Weerawarana},
  title  = {{Web Services Description Language (WSDL) Version 2.0 Part 2: Adjuncts}},
  note = {\url{http://www.w3.org/TR/2007/REC-wsdl20-adjuncts-20070626}. Latest version available at \url{http://www.w3.org/TR/wsdl20-adjuncts}},
  year = {2007},
  month = jun,
  bibsource = "http://www.w3.org/2002/01/tr-automation/tr.rdf",
  type = "Recommendation",
  institution = "W3C",
}
  
@TechReport{Booth:2007,
  author = {David Booth and Kevin Liu},
  title  = {{Web Services Description Language (WSDL) Version 2.0 Part 0: Primer}},
  note = {\url{http://www.w3.org/TR/2007/REC-wsdl20-primer-20070626}. Latest version available at \url{http://www.w3.org/TR/wsdl20-primer}},
  year = {2007},
  month = jun,
  bibsource = "http://www.w3.org/2002/01/tr-automation/tr.rdf",
  type = "Recommendation",
  institution = "W3C",
}
  
@TechReport{Boyer:2007,
  author = {John Boyer},
  title  = {{XForms 1.0 (Third Edition)}},
  note = {\url{http://www.w3.org/TR/2007/REC-xforms-20071029/}. Latest version available at \url{http://www.w3.org/TR/xforms/}},
  year = {2007},
  month = nov,
  bibsource = "http://www.w3.org/2002/01/tr-automation/tr.rdf",
  type = "Recommendation",
  institution = "W3C",
}
  
@TechReport{Fernandez:2007,
  author = {Mary Fernandez and Ashok Malhotra and Jonathan Marsh and Marton Nagy and Norman Walsh},
  title  = {{XQuery 1.0 and XPath 2.0 Data Model (XDM)}},
  note = {\url{http://www.w3.org/TR/2007/REC-xpath-datamodel-20070123/}. Latest version available at \url{http://www.w3.org/TR/xpath-datamodel/}},
  year = {2007},
  month = jan,
  bibsource = "http://www.w3.org/2002/01/tr-automation/tr.rdf",
  type = "Recommendation",
  institution = "W3C",
}
  
@TechReport{Malhotra:2007,
  author = {Ashok Malhotra and Jim Melton and Norman Walsh},
  title  = {{XQuery 1.0 and XPath 2.0 Functions and Operators}},
  note = {\url{http://www.w3.org/TR/2007/REC-xpath-functions-20070123/}. Latest version available at \url{http://www.w3.org/TR/xpath-functions/}},
  year = {2007},
  month = jan,
  bibsource = "http://www.w3.org/2002/01/tr-automation/tr.rdf",
  type = "Recommendation",
  institution = "W3C",
}
  
@TechReport{Berglund:2007,
  author = {Anders Berglund and Scott Boag and Don Chamberlin and Mary Fernandez and Michael Kay and Jonathan Robie and Jerome Simeon},
  title  = {{XML Path Language (XPath) 2.0}},
  note = {\url{http://www.w3.org/TR/2007/REC-xpath20-20070123/}. Latest version available at \url{http://www.w3.org/TR/xpath20}},
  year = {2007},
  month = jan,
  bibsource = "http://www.w3.org/2002/01/tr-automation/tr.rdf",
  type = "Recommendation",
  institution = "W3C",
}
  
@TechReport{Boag:2007,
  author = {Scott Boag and Don Chamberlin and Mary Fernandez and Daniela Florescu and Jonathan Robie and Jerome Simeon},
  title  = {{XQuery 1.0: An XML Query Language}},
  note = {\url{http://www.w3.org/TR/2007/REC-xquery-20070123/}. Latest version available at \url{http://www.w3.org/TR/xquery}},
  year = {2007},
  month = jan,
  bibsource = "http://www.w3.org/2002/01/tr-automation/tr.rdf",
  type = "Recommendation",
  institution = "W3C",
}
  
@TechReport{Draper:2007,
  author = {Denise Draper and Peter Fankhauser and Mary Fernandez and Ashok Malhotra and Kristoffer Rose and Michael Rys and Jerome Simeon and Philip Wadler},
  title  = {{XQuery 1.0 and XPath 2.0 Formal Semantics}},
  note = {\url{http://www.w3.org/TR/2007/REC-xquery-semantics-20070123/}. Latest version available at \url{http://www.w3.org/TR/xquery-semantics/}},
  year = {2007},
  month = jan,
  bibsource = "http://www.w3.org/2002/01/tr-automation/tr.rdf",
  type = "Recommendation",
  institution = "W3C",
}
  
@TechReport{Melton:2007,
  author = {Jim Melton and Subramanian Muralidhar},
  title  = {{XML Syntax for XQuery 1.0 (XQueryX)}},
  note = {\url{http://www.w3.org/TR/2007/REC-xqueryx-20070123}. Latest version available at \url{http://www.w3.org/TR/xqueryx}},
  year = {2007},
  month = jan,
  bibsource = "http://www.w3.org/2002/01/tr-automation/tr.rdf",
  type = "Recommendation",
  institution = "W3C",
}
  
@TechReport{Boag:2007,
  author = {Scott Boag and Michael Kay and Joanne Tong and Norman Walsh and Henry Zongaro},
  title  = {{XSLT 2.0 and XQuery 1.0 Serialization}},
  note = {\url{http://www.w3.org/TR/2007/REC-xslt-xquery-serialization-20070123/}. Latest version available at \url{http://www.w3.org/TR/xslt-xquery-serialization/}},
  year = {2007},
  month = jan,
  bibsource = "http://www.w3.org/2002/01/tr-automation/tr.rdf",
  type = "Recommendation",
  institution = "W3C",
}
  
@TechReport{Kay:2007,
  author = {Michael Kay},
  title  = {{XSL Transformations (XSLT) Version 2.0}},
  note = {\url{http://www.w3.org/TR/2007/REC-xslt20-20070123/}. Latest version available at \url{http://www.w3.org/TR/xslt20}},
  year = {2007},
  month = jan,
  bibsource = "http://www.w3.org/2002/01/tr-automation/tr.rdf",
  type = "Recommendation",
  institution = "W3C",
}
  
@TechReport{WiumLie:2008,
  author = {Håkon Wium Lie and Bert Bos},
  title  = {{Cascading Style Sheets (CSS1) Level 1 Specification}},
  note = {\url{http://www.w3.org/TR/2008/REC-CSS1-20080411/}. Latest version available at \url{http://www.w3.org/TR/REC-CSS1}},
  year = {2008},
  month = apr,
  bibsource = "http://www.w3.org/2002/01/tr-automation/tr.rdf",
  type = "Recommendation",
  institution = "W3C",
}
  
@TechReport{Bos:2008,
  author = {Bert Bos and Håkon Wium Lie and Chris Lilley and Ian Jacobs},
  title  = {{Cascading Style Sheets, level 2 (CSS2) Specification}},
  note = {\url{http://www.w3.org/TR/2008/REC-CSS2-20080411/}. Latest version available at \url{http://www.w3.org/TR/CSS2}},
  year = {2008},
  month = apr,
  bibsource = "http://www.w3.org/2002/01/tr-automation/tr.rdf",
  type = "Recommendation",
  institution = "W3C",
}
  
@TechReport{Rabin:2008,
  author = {Jo Rabin and Jose Manuel Cantera Fonseca and Rotan Hanrahan and Ignacio Marin},
  title  = {{Device Description Repository Simple API}},
  note = {\url{http://www.w3.org/TR/2008/REC-DDR-Simple-API-20081205/}. Latest version available at \url{http://www.w3.org/TR/DDR-Simple-API/}},
  year = {2008},
  month = ,
  bibsource = "http://www.w3.org/2002/01/tr-automation/tr.rdf",
  type = "Recommendation",
  institution = "W3C",
}
  
@TechReport{Schepers:2008,
  author = {Doug Schepers and Robin Berjon},
  title  = {{Element Traversal Specification}},
  note = {\url{http://www.w3.org/TR/2008/REC-ElementTraversal-20081222/}. Latest version available at \url{http://www.w3.org/TR/ElementTraversal/}},
  year = {2008},
  month = ,
  bibsource = "http://www.w3.org/2002/01/tr-automation/tr.rdf",
  type = "Recommendation",
  institution = "W3C",
}
  
@TechReport{Rabin:2008,
  author = {Jo Rabin and Charles McCathieNevile},
  title  = {{Mobile Web Best Practices 1.0}},
  note = {\url{http://www.w3.org/TR/2008/REC-mobile-bp-20080729/}. Latest version available at \url{http://www.w3.org/TR/mobile-bp/}},
  year = {2008},
  month = jul,
  bibsource = "http://www.w3.org/2002/01/tr-automation/tr.rdf",
  type = "Recommendation",
  institution = "W3C",
}
  
@TechReport{Owen:2008,
  author = {Sean Owen and Jo Rabin},
  title  = {{W3C mobileOK Basic Tests 1.0}},
  note = {\url{http://www.w3.org/TR/2008/REC-mobileOK-basic10-tests-20081208/}. Latest version available at \url{http://www.w3.org/TR/mobileOK-basic10-tests/}},
  year = {2008},
  month = ,
  bibsource = "http://www.w3.org/2002/01/tr-automation/tr.rdf",
  type = "Recommendation",
  institution = "W3C",
}
  
@TechReport{Baggia:2008,
  author = {Paolo Baggia},
  title  = {{Pronunciation Lexicon Specification (PLS) Version 1.0}},
  note = {\url{http://www.w3.org/TR/2008/REC-pronunciation-lexicon-20081014/}. Latest version available at \url{http://www.w3.org/TR/pronunciation-lexicon/}},
  year = {2008},
  month = nov,
  bibsource = "http://www.w3.org/2002/01/tr-automation/tr.rdf",
  type = "Recommendation",
  institution = "W3C",
}
  
@TechReport{Clark:2008,
  author = {Kendall Clark and Lee Feigenbaum and Elias Torres},
  title  = {{SPARQL Protocol for RDF}},
  note = {\url{http://www.w3.org/TR/2008/REC-rdf-sparql-protocol-20080115/}. Latest version available at \url{http://www.w3.org/TR/rdf-sparql-protocol/}},
  year = {2008},
  month = jan,
  bibsource = "http://www.w3.org/2002/01/tr-automation/tr.rdf",
  type = "Recommendation",
  institution = "W3C",
}
  
@TechReport{Prud'hommeaux:2008,
  author = {Eric Prud'hommeaux and Andy Seaborne},
  title  = {{SPARQL Query Language for RDF}},
  note = {\url{http://www.w3.org/TR/2008/REC-rdf-sparql-query-20080115/}. Latest version available at \url{http://www.w3.org/TR/rdf-sparql-query/}},
  year = {2008},
  month = jan,
  bibsource = "http://www.w3.org/2002/01/tr-automation/tr.rdf",
  type = "Recommendation",
  institution = "W3C",
}
  
@TechReport{Beckett:2008,
  author = {Dave Beckett and Jeen Broekstra},
  title  = {{SPARQL Query Results XML Format}},
  note = {\url{http://www.w3.org/TR/2008/REC-rdf-sparql-XMLres-20080115/}. Latest version available at \url{http://www.w3.org/TR/rdf-sparql-XMLres/}},
  year = {2008},
  month = jan,
  bibsource = "http://www.w3.org/2002/01/tr-automation/tr.rdf",
  type = "Recommendation",
  institution = "W3C",
}
  
@TechReport{Adida:2008,
  author = {Ben Adida and Mark Birbeck and Shane McCarron and Steven Pemberton},
  title  = {{RDFa in XHTML: Syntax and Processing}},
  note = {\url{http://www.w3.org/TR/2008/REC-rdfa-syntax-20081014}. Latest version available at \url{http://www.w3.org/TR/rdfa-syntax}},
  year = {2008},
  month = nov,
  bibsource = "http://www.w3.org/2002/01/tr-automation/tr.rdf",
  type = "Recommendation",
  institution = "W3C",
}
  
@TechReport{Bulterman:2008,
  author = {Dick Bulterman},
  title  = {{Synchronized Multimedia Integration Language (SMIL 3.0)}},
  note = {\url{http://www.w3.org/TR/2008/REC-SMIL3-20081201/}. Latest version available at \url{http://www.w3.org/TR/SMIL3/}},
  year = {2008},
  month = ,
  bibsource = "http://www.w3.org/2002/01/tr-automation/tr.rdf",
  type = "Recommendation",
  institution = "W3C",
}
  
@TechReport{Andersson:2008,
  author = {Ola Andersson and Robin Berjon and Erik Dahlström and Andrew Emmons and Jon Ferraiolo and Anthony Grasso and Vincent Hardy and Scott Hayman and Dean Jackson and Chris Lilley and Cameron McCormack and Andreas Neumann and Craig Northway and Antoine Quint and Nandini Ramani and Doug Schepers and Andrew Shellshear},
  title  = {{Scalable Vector Graphics (SVG) Tiny 1.2 Specification}},
  note = {\url{http://www.w3.org/TR/2008/REC-SVGTiny12-20081222/}. Latest version available at \url{http://www.w3.org/TR/SVGTiny12/}},
  year = {2008},
  month = ,
  bibsource = "http://www.w3.org/2002/01/tr-automation/tr.rdf",
  type = "Recommendation",
  institution = "W3C",
}
  
@TechReport{Caldwell:2008,
  author = {Ben Caldwell and Michael Cooper and Loretta Guarino Reid and Gregg Vanderheiden},
  title  = {{Web Content Accessibility Guidelines (WCAG) 2.0}},
  note = {\url{http://www.w3.org/TR/2008/REC-WCAG20-20081211/}. Latest version available at \url{http://www.w3.org/TR/WCAG20/}},
  year = {2008},
  month = ,
  bibsource = "http://www.w3.org/2002/01/tr-automation/tr.rdf",
  type = "Recommendation",
  institution = "W3C",
}
  
@TechReport{Baker:2008,
  author = {Mark Baker and Masayasu Ishikawa and Shinichi Matsui and Peter Stark and Ted Wugofski and Toshihiko Yamakami},
  title  = {{XHTML™ Basic 1.1}},
  note = {\url{http://www.w3.org/TR/2008/REC-xhtml-basic-20080729}. Latest version available at \url{http://www.w3.org/TR/xhtml-basic}},
  year = {2008},
  month = jul,
  bibsource = "http://www.w3.org/2002/01/tr-automation/tr.rdf",
  type = "Recommendation",
  institution = "W3C",
}
  
@TechReport{Austin:2008,
  author = {Daniel Austin and Subramanian Peruvemba and Shane McCarron and Masayasu Ishikawa and Mark Birbeck},
  title  = {{XHTML™ Modularization 1.1}},
  note = {\url{http://www.w3.org/TR/2008/REC-xhtml-modularization-20081008}. Latest version available at \url{http://www.w3.org/TR/xhtml-modularization/}},
  year = {2008},
  month = nov,
  bibsource = "http://www.w3.org/2002/01/tr-automation/tr.rdf",
  type = "Recommendation",
  institution = "W3C",
}
  
@TechReport{Bray:2008,
  author = {Tim Bray and Jean Paoli and Michael Sperberg-McQueen and Eve Maler and François Yergeau},
  title  = {{Extensible Markup Language (XML) 1.0 (Fifth Edition)}},
  note = {\url{http://www.w3.org/TR/2008/REC-xml-20081126/}. Latest version available at \url{http://www.w3.org/TR/xml}},
  year = {2008},
  month = dec,
  bibsource = "http://www.w3.org/2002/01/tr-automation/tr.rdf",
  type = "Recommendation",
  institution = "W3C",
}
  
@TechReport{Boyer:2008,
  author = {John Boyer and Glenn Marcy},
  title  = {{Canonical XML Version 1.1}},
  note = {\url{http://www.w3.org/TR/2008/REC-xml-c14n11-20080502/}. Latest version available at \url{http://www.w3.org/TR/xml-c14n11}},
  year = {2008},
  month = may,
  bibsource = "http://www.w3.org/2002/01/tr-automation/tr.rdf",
  type = "Recommendation",
  institution = "W3C",
}
  
@TechReport{Eastlake:2008,
  author = {Donald Eastlake and Joseph Reagle and David Solo and Frederick Hirsch and Thomas Roessler},
  title  = {{XML Signature Syntax and Processing (Second Edition)}},
  note = {\url{http://www.w3.org/TR/2008/REC-xmldsig-core-20080610/}. Latest version available at \url{http://www.w3.org/TR/xmldsig-core/}},
  year = {2008},
  month = jun,
  bibsource = "http://www.w3.org/2002/01/tr-automation/tr.rdf",
  type = "Recommendation",
  institution = "W3C",
}
  
@TechReport{Chu:2009,
  author = {Yanghua Chu and Philip DesAutels and Brian LaMacchia and Peter Lipp},
  title  = {{PICS Signed Labels (DSig) 1.0 Specification}},
  note = {\url{http://www.w3.org/TR/2009/REC-DSig-label-20091124}. Latest version available at \url{http://www.w3.org/TR/REC-DSig-label/}},
  year = {2009},
  month = dec,
  bibsource = "http://www.w3.org/2002/01/tr-automation/tr.rdf",
  type = "Recommendation",
  institution = "W3C",
}
  
@TechReport{Johnston:2009,
  author = {Michael Johnston},
  title  = {{EMMA: Extensible MultiModal Annotation markup language}},
  note = {\url{http://www.w3.org/TR/2009/REC-emma-20090210/}. Latest version available at \url{http://www.w3.org/TR/emma/}},
  year = {2009},
  month = feb,
  bibsource = "http://www.w3.org/2002/01/tr-automation/tr.rdf",
  type = "Recommendation",
  institution = "W3C",
}
  
@TechReport{Smith:2009,
  author = {Michael[tm] Smith and Ian Horrocks and Markus Krötzsch and Birte Glimm},
  title  = {{OWL 2 Web Ontology Language Conformance}},
  note = {\url{http://www.w3.org/TR/2009/REC-owl2-conformance-20091027/}. Latest version available at \url{http://www.w3.org/TR/owl2-conformance/}},
  year = {2009},
  month = nov,
  bibsource = "http://www.w3.org/2002/01/tr-automation/tr.rdf",
  type = "Recommendation",
  institution = "W3C",
}
  
@TechReport{Motik:2009,
  author = {Boris Motik and Peter Patel-Schneider and Bernardo Cuenca Grau},
  title  = {{OWL 2 Web Ontology Language Direct Semantics}},
  note = {\url{http://www.w3.org/TR/2009/REC-owl2-direct-semantics-20091027/}. Latest version available at \url{http://www.w3.org/TR/owl2-direct-semantics/}},
  year = {2009},
  month = nov,
  bibsource = "http://www.w3.org/2002/01/tr-automation/tr.rdf",
  type = "Recommendation",
  institution = "W3C",
}
  
@TechReport{PatelSchneider:2009,
  author = {Peter Patel-Schneider and Boris Motik},
  title  = {{OWL 2 Web Ontology Language Mapping to RDF Graphs}},
  note = {\url{http://www.w3.org/TR/2009/REC-owl2-mapping-to-rdf-20091027/}. Latest version available at \url{http://www.w3.org/TR/owl2-mapping-to-rdf/}},
  year = {2009},
  month = nov,
  bibsource = "http://www.w3.org/2002/01/tr-automation/tr.rdf",
  type = "Recommendation",
  institution = "W3C",
}
  
@TechReport{Golbreich:2009,
  author = {Christine Golbreich and Evan Wallace},
  title  = {{OWL 2 Web Ontology Language New Features and Rationale}},
  note = {\url{http://www.w3.org/TR/2009/REC-owl2-new-features-20091027/}. Latest version available at \url{http://www.w3.org/TR/owl2-new-features/}},
  year = {2009},
  month = nov,
  bibsource = "http://www.w3.org/2002/01/tr-automation/tr.rdf",
  type = "Recommendation",
  institution = "W3C",
}
  
@TechReport{:2009,
  author = {},
  title  = {{OWL 2 Web Ontology Language Document Overview}},
  note = {\url{http://www.w3.org/TR/2009/REC-owl2-overview-20091027/}. Latest version available at \url{http://www.w3.org/TR/owl2-overview/}},
  year = {2009},
  month = nov,
  bibsource = "http://www.w3.org/2002/01/tr-automation/tr.rdf",
  type = "Recommendation",
  institution = "W3C",
}
  
@TechReport{Hitzler:2009,
  author = {Pascal Hitzler and Markus Krötzsch and Bijan Parsia and Peter Patel-Schneider and Sebastian Rudolph},
  title  = {{OWL 2 Web Ontology Language Primer}},
  note = {\url{http://www.w3.org/TR/2009/REC-owl2-primer-20091027/}. Latest version available at \url{http://www.w3.org/TR/owl2-primer/}},
  year = {2009},
  month = nov,
  bibsource = "http://www.w3.org/2002/01/tr-automation/tr.rdf",
  type = "Recommendation",
  institution = "W3C",
}
  
@TechReport{Motik:2009,
  author = {Boris Motik and Bernardo Cuenca Grau and Ian Horrocks and Zhe Wu and Achille Fokoue},
  title  = {{OWL 2 Web Ontology Language Profiles}},
  note = {\url{http://www.w3.org/TR/2009/REC-owl2-profiles-20091027/}. Latest version available at \url{http://www.w3.org/TR/owl2-profiles/}},
  year = {2009},
  month = nov,
  bibsource = "http://www.w3.org/2002/01/tr-automation/tr.rdf",
  type = "Recommendation",
  institution = "W3C",
}
  
@TechReport{Bao:2009,
  author = {Jie Bao and Elisa Kendall and Deborah McGuinness and Peter Patel-Schneider},
  title  = {{OWL 2 Web Ontology Language Quick Reference Guide}},
  note = {\url{http://www.w3.org/TR/2009/REC-owl2-quick-reference-20091027/}. Latest version available at \url{http://www.w3.org/TR/owl2-quick-reference/}},
  year = {2009},
  month = nov,
  bibsource = "http://www.w3.org/2002/01/tr-automation/tr.rdf",
  type = "Recommendation",
  institution = "W3C",
}
  
@TechReport{Schneider:2009,
  author = {Michael Schneider},
  title  = {{OWL 2 Web Ontology Language RDF-Based Semantics}},
  note = {\url{http://www.w3.org/TR/2009/REC-owl2-rdf-based-semantics-20091027/}. Latest version available at \url{http://www.w3.org/TR/owl2-rdf-based-semantics/}},
  year = {2009},
  month = nov,
  bibsource = "http://www.w3.org/2002/01/tr-automation/tr.rdf",
  type = "Recommendation",
  institution = "W3C",
}
  
@TechReport{Motik:2009,
  author = {Boris Motik and Peter Patel-Schneider and Bijan Parsia},
  title  = {{OWL 2 Web Ontology Language Structural Specification and Functional-Style Syntax}},
  note = {\url{http://www.w3.org/TR/2009/REC-owl2-syntax-20091027/}. Latest version available at \url{http://www.w3.org/TR/owl2-syntax/}},
  year = {2009},
  month = nov,
  bibsource = "http://www.w3.org/2002/01/tr-automation/tr.rdf",
  type = "Recommendation",
  institution = "W3C",
}
  
@TechReport{Motik:2009,
  author = {Boris Motik and Bijan Parsia and Peter Patel-Schneider},
  title  = {{OWL 2 Web Ontology Language XML Serialization}},
  note = {\url{http://www.w3.org/TR/2009/REC-owl2-xml-serialization-20091027/}. Latest version available at \url{http://www.w3.org/TR/owl2-xml-serialization/}},
  year = {2009},
  month = nov,
  bibsource = "http://www.w3.org/2002/01/tr-automation/tr.rdf",
  type = "Recommendation",
  institution = "W3C",
}
  
@TechReport{Krauskopf:2009,
  author = {Tim Krauskopf and Jim Miller and Pete Resnick and Win Treese},
  title  = {{PICS 1.1 Label Distribution -- Label Syntax and Communication Protocols}},
  note = {\url{http://www.w3.org/TR/2009/REC-PICS-labels-20091124}. Latest version available at \url{http://www.w3.org/TR/REC-PICS-labels}},
  year = {2009},
  month = dec,
  bibsource = "http://www.w3.org/2002/01/tr-automation/tr.rdf",
  type = "Recommendation",
  institution = "W3C",
}
  
@TechReport{Miller:2009,
  author = {Jim Miller and Pete Resnick and David Singer},
  title  = {{PICS 1.1 Rating Services and Rating Systems -- and Their Machine Readable Descriptions}},
  note = {\url{http://www.w3.org/TR/2009/REC-PICS-services-20091124}. Latest version available at \url{http://www.w3.org/TR/REC-PICS-services}},
  year = {2009},
  month = dec,
  bibsource = "http://www.w3.org/2002/01/tr-automation/tr.rdf",
  type = "Recommendation",
  institution = "W3C",
}
  
@TechReport{Evans:2009,
  author = {Christopher Evans and Alex Hopmann and Martin PreslerMarshall and Pete Resnick},
  title  = {{PICSRules 1.1 Specification}},
  note = {\url{http://www.w3.org/TR/2009/REC-PICSRules-20091124}. Latest version available at \url{http://www.w3.org/TR/REC-PICSRules}},
  year = {2009},
  month = dec,
  bibsource = "http://www.w3.org/2002/01/tr-automation/tr.rdf",
  type = "Recommendation",
  institution = "W3C",
}
  
@TechReport{Archer:2009,
  author = {Phil Archer and Kevin Smith and Andrea Perego},
  title  = {{Protocol for Web Description Resources (POWDER): Description Resources}},
  note = {\url{http://www.w3.org/TR/2009/REC-powder-dr-20090901/}. Latest version available at \url{http://www.w3.org/TR/powder-dr/}},
  year = {2009},
  month = sep,
  bibsource = "http://www.w3.org/2002/01/tr-automation/tr.rdf",
  type = "Recommendation",
  institution = "W3C",
}
  
@TechReport{Konstantopoulos:2009,
  author = {Stasinos Konstantopoulos and Phil Archer},
  title  = {{Protocol for Web Description Resources (POWDER): Formal Semantics}},
  note = {\url{http://www.w3.org/TR/2009/REC-powder-formal-20090901/}. Latest version available at \url{http://www.w3.org/TR/powder-formal/}},
  year = {2009},
  month = sep,
  bibsource = "http://www.w3.org/2002/01/tr-automation/tr.rdf",
  type = "Recommendation",
  institution = "W3C",
}
  
@TechReport{Archer:2009,
  author = {Phil Archer and Andrea Perego and Kevin Smith},
  title  = {{Protocol for Web Description Resources (POWDER): Grouping of Resources}},
  note = {\url{http://www.w3.org/TR/2009/REC-powder-grouping-20090901/}. Latest version available at \url{http://www.w3.org/TR/powder-grouping/}},
  year = {2009},
  month = sep,
  bibsource = "http://www.w3.org/2002/01/tr-automation/tr.rdf",
  type = "Recommendation",
  institution = "W3C",
}
  
@TechReport{Bao:2009,
  author = {Jie Bao and Sandro Hawke and Boris Motik and Peter Patel-Schneider and Axel Polleres},
  title  = {{rdf:PlainLiteral: A Datatype for RDF Plain Literals}},
  note = {\url{http://www.w3.org/TR/2009/REC-rdf-plain-literal-20091027/}. Latest version available at \url{http://www.w3.org/TR/rdf-plain-literal/}},
  year = {2009},
  month = nov,
  bibsource = "http://www.w3.org/2002/01/tr-automation/tr.rdf",
  type = "Recommendation",
  institution = "W3C",
}
  
@TechReport{Miles:2009,
  author = {Alistair Miles and Sean Bechhofer},
  title  = {{SKOS Simple Knowledge Organization System Reference}},
  note = {\url{http://www.w3.org/TR/2009/REC-skos-reference-20090818/}. Latest version available at \url{http://www.w3.org/TR/skos-reference}},
  year = {2009},
  month = aug,
  bibsource = "http://www.w3.org/2002/01/tr-automation/tr.rdf",
  type = "Recommendation",
  institution = "W3C",
}
  
@TechReport{Popescu:2009,
  author = {Valentina Popescu and Virginia Smith},
  title  = {{Service Modeling Language, Version 1.1}},
  note = {\url{http://www.w3.org/TR/2009/REC-sml-20090512/}. Latest version available at \url{http://www.w3.org/TR/sml/}},
  year = {2009},
  month = may,
  bibsource = "http://www.w3.org/2002/01/tr-automation/tr.rdf",
  type = "Recommendation",
  institution = "W3C",
}
  
@TechReport{Popescu:2009,
  author = {Valentina Popescu and Virginia Smith},
  title  = {{Service Modeling Language Interchange Format Version 1.1}},
  note = {\url{http://www.w3.org/TR/2009/REC-sml-if-20090512/}. Latest version available at \url{http://www.w3.org/TR/sml-if/}},
  year = {2009},
  month = may,
  bibsource = "http://www.w3.org/2002/01/tr-automation/tr.rdf",
  type = "Recommendation",
  institution = "W3C",
}
  
@TechReport{Boyer:2009,
  author = {John Boyer},
  title  = {{XForms 1.1}},
  note = {\url{http://www.w3.org/TR/2009/REC-xforms-20091020/}. Latest version available at \url{http://www.w3.org/TR/xforms11/}},
  year = {2009},
  month = nov,
  bibsource = "http://www.w3.org/2002/01/tr-automation/tr.rdf",
  type = "Recommendation",
  institution = "W3C",
}
  
@TechReport{Bray:2009,
  author = {Tim Bray and Dave Hollander and Andrew Layman and Richard Tobin and Henry Thompson},
  title  = {{Namespaces in XML 1.0 (Third Edition)}},
  note = {\url{http://www.w3.org/TR/2009/REC-xml-names-20091208/}. Latest version available at \url{http://www.w3.org/TR/xml-names}},
  year = {2009},
  month = ,
  bibsource = "http://www.w3.org/2002/01/tr-automation/tr.rdf",
  type = "Recommendation",
  institution = "W3C",
}
  
@TechReport{Marsh:2009,
  author = {Jonathan Marsh and Richard Tobin},
  title  = {{XML Base (Second Edition)}},
  note = {\url{http://www.w3.org/TR/2009/REC-xmlbase-20090128/}. Latest version available at \url{http://www.w3.org/TR/xmlbase/}},
  year = {2009},
  month = jan,
  bibsource = "http://www.w3.org/2002/01/tr-automation/tr.rdf",
  type = "Recommendation",
  institution = "W3C",
}
  
@TechReport{Carlisle:2010,
  author = {David Carlisle and Patrick D F Ion and Robert R Miner},
  title  = {{Mathematical Markup Language (MathML) Version 3.0}},
  note = {\url{http://www.w3.org/TR/2010/REC-MathML3-20101021/}. Latest version available at \url{http://www.w3.org/TR/MathML3/}},
  year = {2010},
  month = nov,
  bibsource = "http://www.w3.org/2002/01/tr-automation/tr.rdf",
  type = "Recommendation",
  institution = "W3C",
}
  
@TechReport{Connors:2010,
  author = {Adam Connors and Bryan Sullivan},
  title  = {{Mobile Web Application Best Practices}},
  note = {\url{http://www.w3.org/TR/2010/REC-mwabp-20101214/}. Latest version available at \url{http://www.w3.org/TR/mwabp/}},
  year = {2010},
  month = ,
  bibsource = "http://www.w3.org/2002/01/tr-automation/tr.rdf",
  type = "Recommendation",
  institution = "W3C",
}
  
@TechReport{Boley:2010,
  author = {Harold Boley and Michael Kifer},
  title  = {{RIF Basic Logic Dialect}},
  note = {\url{http://www.w3.org/TR/2010/REC-rif-bld-20100622/}. Latest version available at \url{http://www.w3.org/TR/rif-bld/}},
  year = {2010},
  month = jun,
  bibsource = "http://www.w3.org/2002/01/tr-automation/tr.rdf",
  type = "Recommendation",
  institution = "W3C",
}
  
@TechReport{Boley:2010,
  author = {Harold Boley and Gary Hallmark and Michael Kifer and Adrian Paschke and Axel Polleres and Dave Reynolds},
  title  = {{RIF Core Dialect}},
  note = {\url{http://www.w3.org/TR/2010/REC-rif-core-20100622/}. Latest version available at \url{http://www.w3.org/TR/rif-core/}},
  year = {2010},
  month = jun,
  bibsource = "http://www.w3.org/2002/01/tr-automation/tr.rdf",
  type = "Recommendation",
  institution = "W3C",
}
  
@TechReport{Polleres:2010,
  author = {Axel Polleres and Harold Boley and Michael Kifer},
  title  = {{RIF Datatypes and Built-Ins 1.0}},
  note = {\url{http://www.w3.org/TR/2010/REC-rif-dtb-20100622/}. Latest version available at \url{http://www.w3.org/TR/rif-dtb/}},
  year = {2010},
  month = jun,
  bibsource = "http://www.w3.org/2002/01/tr-automation/tr.rdf",
  type = "Recommendation",
  institution = "W3C",
}
  
@TechReport{Boley:2010,
  author = {Harold Boley and Michael Kifer},
  title  = {{RIF Framework for Logic Dialects}},
  note = {\url{http://www.w3.org/TR/2010/REC-rif-fld-20100622/}. Latest version available at \url{http://www.w3.org/TR/rif-fld/}},
  year = {2010},
  month = jun,
  bibsource = "http://www.w3.org/2002/01/tr-automation/tr.rdf",
  type = "Recommendation",
  institution = "W3C",
}
  
@TechReport{deSainteMarie:2010,
  author = {Christian de Sainte Marie and Gary Hallmark and Adrian Paschke},
  title  = {{RIF Production Rule Dialect}},
  note = {\url{http://www.w3.org/TR/2010/REC-rif-prd-20100622/}. Latest version available at \url{http://www.w3.org/TR/rif-prd/}},
  year = {2010},
  month = jun,
  bibsource = "http://www.w3.org/2002/01/tr-automation/tr.rdf",
  type = "Recommendation",
  institution = "W3C",
}
  
@TechReport{deBruijn:2010,
  author = {Jos de Bruijn},
  title  = {{RIF RDF and OWL Compatibility}},
  note = {\url{http://www.w3.org/TR/2010/REC-rif-rdf-owl-20100622/}. Latest version available at \url{http://www.w3.org/TR/rif-rdf-owl/}},
  year = {2010},
  month = jun,
  bibsource = "http://www.w3.org/2002/01/tr-automation/tr.rdf",
  type = "Recommendation",
  institution = "W3C",
}
  
@TechReport{Burnett:2010,
  author = {Daniel Burnett and Zhi Wei Shuang},
  title  = {{Speech Synthesis Markup Language (SSML) Version 1.1}},
  note = {\url{http://www.w3.org/TR/2010/REC-speech-synthesis11-20100907/}. Latest version available at \url{http://www.w3.org/TR/speech-synthesis11/}},
  year = {2010},
  month = sep,
  bibsource = "http://www.w3.org/2002/01/tr-automation/tr.rdf",
  type = "Recommendation",
  institution = "W3C",
}
  
@TechReport{Adams:2010,
  author = {Glenn Adams},
  title  = {{Timed Text Markup Language (TTML) 1.0}},
  note = {\url{http://www.w3.org/TR/2010/REC-ttaf1-dfxp-20101118/}. Latest version available at \url{http://www.w3.org/TR/ttaf1-dfxp/}},
  year = {2010},
  month = dec,
  bibsource = "http://www.w3.org/2002/01/tr-automation/tr.rdf",
  type = "Recommendation",
  institution = "W3C",
}
  
@TechReport{Bezaire:2010,
  author = {Benoit Bezaire and Lofton Henderson},
  title  = {{WebCGM 2.1}},
  note = {\url{http://www.w3.org/TR/2010/REC-webcgm21-20100301/}. Latest version available at \url{http://www.w3.org/TR/webcgm21/}},
  year = {2010},
  month = mar,
  bibsource = "http://www.w3.org/2002/01/tr-automation/tr.rdf",
  type = "Recommendation",
  institution = "W3C",
}
  
@TechReport{Roessler:2010,
  author = {Thomas Roessler and Anil Saldhana},
  title  = {{Web Security Context: User Interface Guidelines}},
  note = {\url{http://www.w3.org/TR/2010/REC-wsc-ui-20100812/}. Latest version available at \url{http://www.w3.org/TR/wsc-ui/}},
  year = {2010},
  month = aug,
  bibsource = "http://www.w3.org/2002/01/tr-automation/tr.rdf",
  type = "Recommendation",
  institution = "W3C",
}
  
@TechReport{McCarron:2010,
  author = {Shane McCarron},
  title  = {{XHTML™ Basic 1.1 - Second Edition}},
  note = {\url{http://www.w3.org/TR/2010/REC-xhtml-basic-20101123}. Latest version available at \url{http://www.w3.org/TR/xhtml-basic}},
  year = {2010},
  month = dec,
  bibsource = "http://www.w3.org/2002/01/tr-automation/tr.rdf",
  type = "Recommendation",
  institution = "W3C",
}
  
@TechReport{McCarron:2010,
  author = {Shane McCarron},
  title  = {{XHTML™ Modularization 1.1 - Second Edition}},
  note = {\url{http://www.w3.org/TR/2010/REC-xhtml-modularization-20100729}. Latest version available at \url{http://www.w3.org/TR/xhtml-modularization/}},
  year = {2010},
  month = jul,
  bibsource = "http://www.w3.org/2002/01/tr-automation/tr.rdf",
  type = "Recommendation",
  institution = "W3C",
}
  
@TechReport{McCarron:2010,
  author = {Shane McCarron},
  title  = {{XHTML-Print - Second Edition}},
  note = {\url{http://www.w3.org/TR/2010/REC-xhtml-print-20101123/}. Latest version available at \url{http://www.w3.org/TR/xhtml-print}},
  year = {2010},
  month = dec,
  bibsource = "http://www.w3.org/2002/01/tr-automation/tr.rdf",
  type = "Recommendation",
  institution = "W3C",
}
  
@TechReport{McCarron:2010,
  author = {Shane McCarron and Masayasu Ishikawa},
  title  = {{XHTML™ 1.1 - Module-based XHTML - Second Edition}},
  note = {\url{http://www.w3.org/TR/2010/REC-xhtml11-20101123}. Latest version available at \url{http://www.w3.org/TR/xhtml11/}},
  year = {2010},
  month = dec,
  bibsource = "http://www.w3.org/2002/01/tr-automation/tr.rdf",
  type = "Recommendation",
  institution = "W3C",
}
  
@TechReport{DeRose:2010,
  author = {Steven DeRose and Eve Maler and David Orchard and Norman Walsh},
  title  = {{XML Linking Language (XLink) Version 1.1}},
  note = {\url{http://www.w3.org/TR/2010/REC-xlink11-20100506/}. Latest version available at \url{http://www.w3.org/TR/xlink11/}},
  year = {2010},
  month = may,
  bibsource = "http://www.w3.org/2002/01/tr-automation/tr.rdf",
  type = "Recommendation",
  institution = "W3C",
}
  
@TechReport{Carlisle:2010,
  author = {David Carlisle and Patrick D F Ion},
  title  = {{XML Entity Definitions for Characters}},
  note = {\url{http://www.w3.org/TR/2010/REC-xml-entity-names-20100401/}. Latest version available at \url{http://www.w3.org/TR/xml-entity-names/}},
  year = {2010},
  month = apr,
  bibsource = "http://www.w3.org/2002/01/tr-automation/tr.rdf",
  type = "Recommendation",
  institution = "W3C",
}
  
@TechReport{Clark:2010,
  author = {James Clark and Simon Pieters and Henry Thompson},
  title  = {{Associating Style Sheets with XML documents 1.0 (Second Edition)}},
  note = {\url{http://www.w3.org/TR/2010/REC-xml-stylesheet-20101028}. Latest version available at \url{http://www.w3.org/TR/xml-stylesheet}},
  year = {2010},
  month = nov,
  bibsource = "http://www.w3.org/2002/01/tr-automation/tr.rdf",
  type = "Recommendation",
  institution = "W3C",
}
  
@TechReport{Berglund:2010,
  author = {Anders Berglund and Mary Fernandez and Ashok Malhotra and Jonathan Marsh and Marton Nagy and Norman Walsh},
  title  = {{XQuery 1.0 and XPath 2.0 Data Model (XDM) (Second Edition)}},
  note = {\url{http://www.w3.org/TR/2010/REC-xpath-datamodel-20101214/}. Latest version available at \url{http://www.w3.org/TR/xpath-datamodel/}},
  year = {2010},
  month = ,
  bibsource = "http://www.w3.org/2002/01/tr-automation/tr.rdf",
  type = "Recommendation",
  institution = "W3C",
}
  
@TechReport{Malhotra:2010,
  author = {Ashok Malhotra and Jim Melton and Norman Walsh and Michael Kay},
  title  = {{XQuery 1.0 and XPath 2.0 Functions and Operators (Second Edition)}},
  note = {\url{http://www.w3.org/TR/2010/REC-xpath-functions-20101214/}. Latest version available at \url{http://www.w3.org/TR/xpath-functions/}},
  year = {2010},
  month = ,
  bibsource = "http://www.w3.org/2002/01/tr-automation/tr.rdf",
  type = "Recommendation",
  institution = "W3C",
}
  
@TechReport{Berglund:2010,
  author = {Anders Berglund and Scott Boag and Don Chamberlin and Mary Fernandez and Michael Kay and Jonathan Robie and Jerome Simeon},
  title  = {{XML Path Language (XPath) 2.0 (Second Edition)}},
  note = {\url{http://www.w3.org/TR/2010/REC-xpath20-20101214/}. Latest version available at \url{http://www.w3.org/TR/xpath20}},
  year = {2010},
  month = ,
  bibsource = "http://www.w3.org/2002/01/tr-automation/tr.rdf",
  type = "Recommendation",
  institution = "W3C",
}
  
@TechReport{Walsh:2010,
  author = {Norman Walsh and Alex Milowski and Henry Thompson},
  title  = {{XProc: An XML Pipeline Language}},
  note = {\url{http://www.w3.org/TR/2010/REC-xproc-20100511/}. Latest version available at \url{http://www.w3.org/TR/xproc/}},
  year = {2010},
  month = may,
  bibsource = "http://www.w3.org/2002/01/tr-automation/tr.rdf",
  type = "Recommendation",
  institution = "W3C",
}
  
@TechReport{Boag:2010,
  author = {Scott Boag and Don Chamberlin and Mary Fernandez and Daniela Florescu and Jonathan Robie and Jerome Simeon},
  title  = {{XQuery 1.0: An XML Query Language (Second Edition)}},
  note = {\url{http://www.w3.org/TR/2010/REC-xquery-20101214/}. Latest version available at \url{http://www.w3.org/TR/xquery}},
  year = {2010},
  month = ,
  bibsource = "http://www.w3.org/2002/01/tr-automation/tr.rdf",
  type = "Recommendation",
  institution = "W3C",
}
  
@TechReport{Draper:2010,
  author = {Denise Draper and Michael Dyck and Peter Fankhauser and Mary Fernandez and Ashok Malhotra and Kristoffer Rose and Michael Rys and Jerome Simeon and Philip Wadler},
  title  = {{XQuery 1.0 and XPath 2.0 Formal Semantics (Second Edition)}},
  note = {\url{http://www.w3.org/TR/2010/REC-xquery-semantics-20101214/}. Latest version available at \url{http://www.w3.org/TR/xquery-semantics/}},
  year = {2010},
  month = ,
  bibsource = "http://www.w3.org/2002/01/tr-automation/tr.rdf",
  type = "Recommendation",
  institution = "W3C",
}
  
@TechReport{Melton:2010,
  author = {Jim Melton and Subramanian Muralidhar},
  title  = {{XML Syntax for XQuery 1.0 (XQueryX) (Second Edition)}},
  note = {\url{http://www.w3.org/TR/2010/REC-xqueryx-20101214/}. Latest version available at \url{http://www.w3.org/TR/xqueryx}},
  year = {2010},
  month = ,
  bibsource = "http://www.w3.org/2002/01/tr-automation/tr.rdf",
  type = "Recommendation",
  institution = "W3C",
}
  
@TechReport{Boag:2010,
  author = {Scott Boag and Michael Kay and Joanne Tong and Norman Walsh and Henry Zongaro},
  title  = {{XSLT 2.0 and XQuery 1.0 Serialization (Second Edition)}},
  note = {\url{http://www.w3.org/TR/2010/REC-xslt-xquery-serialization-20101214/}. Latest version available at \url{http://www.w3.org/TR/xslt-xquery-serialization/}},
  year = {2010},
  month = ,
  bibsource = "http://www.w3.org/2002/01/tr-automation/tr.rdf",
  type = "Recommendation",
  institution = "W3C",
}
  
@TechReport{Baggia:2011,
  author = {Paolo Baggia and Mark Scott},
  title  = {{Voice Browser Call Control: CCXML Version 1.0}},
  note = {\url{http://www.w3.org/TR/2011/REC-ccxml-20110705/}. Latest version available at \url{http://www.w3.org/TR/ccxml/}},
  year = {2011},
  month = jul,
  bibsource = "http://www.w3.org/2002/01/tr-automation/tr.rdf",
  type = "Recommendation",
  institution = "W3C",
}
  
@TechReport{Bos:2011,
  author = {Bert Bos and Tantek Çelik and Ian Hickson and Håkon Wium Lie},
  title  = {{Cascading Style Sheets Level 2 Revision 1 (CSS 2.1) Specification}},
  note = {\url{http://www.w3.org/TR/2011/REC-CSS2-20110607}. Latest version available at \url{http://www.w3.org/TR/CSS2}},
  year = {2011},
  month = jun,
  bibsource = "http://www.w3.org/2002/01/tr-automation/tr.rdf",
  type = "Recommendation",
  institution = "W3C",
}
  
@TechReport{elik:2011,
  author = {Tantek Çelik and Chris Lilley and David Baron},
  title  = {{CSS Color Module Level 3}},
  note = {\url{http://www.w3.org/TR/2011/REC-css3-color-20110607}. Latest version available at \url{http://www.w3.org/TR/css3-color}},
  year = {2011},
  month = jun,
  bibsource = "http://www.w3.org/2002/01/tr-automation/tr.rdf",
  type = "Recommendation",
  institution = "W3C",
}
  
@TechReport{Etemad:2011,
  author = {Elika Etemad and Anne van Kesteren},
  title  = {{CSS Namespaces Module}},
  note = {\url{http://www.w3.org/TR/2011/REC-css3-namespace-20110929/}. Latest version available at \url{http://www.w3.org/TR/css3-namespace/}},
  year = {2011},
  month = sep,
  bibsource = "http://www.w3.org/2002/01/tr-automation/tr.rdf",
  type = "Recommendation",
  institution = "W3C",
}
  
@TechReport{elik:2011,
  author = {Tantek Çelik and Elika Etemad and Daniel Glazman and Ian Hickson and Peter Linss and John Williams},
  title  = {{Selectors Level 3}},
  note = {\url{http://www.w3.org/TR/2011/REC-css3-selectors-20110929/}. Latest version available at \url{http://www.w3.org/TR/css3-selectors/}},
  year = {2011},
  month = sep,
  bibsource = "http://www.w3.org/2002/01/tr-automation/tr.rdf",
  type = "Recommendation",
  institution = "W3C",
}
  
@TechReport{Schneider:2011,
  author = {John Schneider and Takuki Kamiya},
  title  = {{Efficient XML Interchange (EXI) Format 1.0}},
  note = {\url{http://www.w3.org/TR/2011/REC-exi-20110310/}. Latest version available at \url{http://www.w3.org/TR/exi/}},
  year = {2011},
  month = mar,
  bibsource = "http://www.w3.org/2002/01/tr-automation/tr.rdf",
  type = "Recommendation",
  institution = "W3C",
}
  
@TechReport{Watt:2011,
  author = {Stephen Watt and Tom Underhill},
  title  = {{Ink Markup Language (InkML)}},
  note = {\url{http://www.w3.org/TR/2011/REC-InkML-20110920/}. Latest version available at \url{http://www.w3.org/TR/InkML}},
  year = {2011},
  month = sep,
  bibsource = "http://www.w3.org/2002/01/tr-automation/tr.rdf",
  type = "Recommendation",
  institution = "W3C",
}
  
@TechReport{Bos:2011,
  author = {Bert Bos and David Carlisle and Giorgi Chavchanidze and Patrick D F Ion and Bruce Miller},
  title  = {{A MathML for CSS Profile}},
  note = {\url{http://www.w3.org/TR/2011/REC-mathml-for-css-20110607/}. Latest version available at \url{http://www.w3.org/TR/mathml-for-css/}},
  year = {2011},
  month = jun,
  bibsource = "http://www.w3.org/2002/01/tr-automation/tr.rdf",
  type = "Recommendation",
  institution = "W3C",
}
  
@TechReport{Dahlstrm:2011,
  author = {Erik Dahlström and Patrick Dengler and Anthony Grasso and Chris Lilley and Cameron McCormack and Doug Schepers and Jonathan Watt and Jon Ferraiolo and Jun Fujisawa and Dean Jackson},
  title  = {{Scalable Vector Graphics (SVG) 1.1 (Second Edition)}},
  note = {\url{http://www.w3.org/TR/2011/REC-SVG11-20110816/}. Latest version available at \url{http://www.w3.org/TR/SVG11/}},
  year = {2011},
  month = aug,
  bibsource = "http://www.w3.org/2002/01/tr-automation/tr.rdf",
  type = "Recommendation",
  institution = "W3C",
}
  
@TechReport{Caceres:2011,
  author = {Marcos Caceres},
  title  = {{Widget Packaging and XML Configuration}},
  note = {\url{http://www.w3.org/TR/2011/REC-widgets-20110927/}. Latest version available at \url{http://www.w3.org/TR/widgets/}},
  year = {2011},
  month = sep,
  bibsource = "http://www.w3.org/2002/01/tr-automation/tr.rdf",
  type = "Recommendation",
  institution = "W3C",
}
  
@TechReport{Davis:2011,
  author = {Doug Davis and Ashok Malhotra and Katy Warr and wu chou},
  title  = {{Web Services Enumeration (WS-Enumeration)}},
  note = {\url{http://www.w3.org/TR/2011/REC-ws-enumeration-20111213}. Latest version available at \url{http://www.w3.org/TR/ws-enumeration}},
  year = {2011},
  month = ,
  bibsource = "http://www.w3.org/2002/01/tr-automation/tr.rdf",
  type = "Recommendation",
  institution = "W3C",
}
  
@TechReport{Davis:2011,
  author = {Doug Davis and Ashok Malhotra and Katy Warr and wu chou},
  title  = {{Web Services Event Descriptions (WS-EventDescriptions)}},
  note = {\url{http://www.w3.org/TR/2011/REC-ws-event-descriptions-20111213}. Latest version available at \url{http://www.w3.org/TR/ws-event-descriptions}},
  year = {2011},
  month = ,
  bibsource = "http://www.w3.org/2002/01/tr-automation/tr.rdf",
  type = "Recommendation",
  institution = "W3C",
}
  
@TechReport{Davis:2011,
  author = {Doug Davis and Ashok Malhotra and Katy Warr and wu chou},
  title  = {{Web Services Eventing (WS-Eventing)}},
  note = {\url{http://www.w3.org/TR/2011/REC-ws-eventing-20111213}. Latest version available at \url{http://www.w3.org/TR/ws-eventing}},
  year = {2011},
  month = ,
  bibsource = "http://www.w3.org/2002/01/tr-automation/tr.rdf",
  type = "Recommendation",
  institution = "W3C",
}
  
@TechReport{Davis:2011,
  author = {Doug Davis and Ashok Malhotra and Katy Warr and wu chou},
  title  = {{Web Services Fragment (WS-Fragment)}},
  note = {\url{http://www.w3.org/TR/2011/REC-ws-fragment-20111213}. Latest version available at \url{http://www.w3.org/TR/ws-fragment}},
  year = {2011},
  month = ,
  bibsource = "http://www.w3.org/2002/01/tr-automation/tr.rdf",
  type = "Recommendation",
  institution = "W3C",
}
  
@TechReport{Davis:2011,
  author = {Doug Davis and Ashok Malhotra and Katy Warr and wu chou},
  title  = {{Web Services Metadata Exchange (WS-MetadataExchange)}},
  note = {\url{http://www.w3.org/TR/2011/REC-ws-metadata-exchange-20111213}. Latest version available at \url{http://www.w3.org/TR/ws-metadata-exchange}},
  year = {2011},
  month = ,
  bibsource = "http://www.w3.org/2002/01/tr-automation/tr.rdf",
  type = "Recommendation",
  institution = "W3C",
}
  
@TechReport{Davis:2011,
  author = {Doug Davis and Ashok Malhotra and Katy Warr and wu chou},
  title  = {{Web Services SOAP Assertions (WS-SOAPAssertions)}},
  note = {\url{http://www.w3.org/TR/2011/REC-ws-soap-assertions-20111213}. Latest version available at \url{http://www.w3.org/TR/ws-soap-assertions}},
  year = {2011},
  month = ,
  bibsource = "http://www.w3.org/2002/01/tr-automation/tr.rdf",
  type = "Recommendation",
  institution = "W3C",
}
  
@TechReport{Davis:2011,
  author = {Doug Davis and Ashok Malhotra and Katy Warr and wu chou},
  title  = {{Web Services Transfer (WS-Transfer)}},
  note = {\url{http://www.w3.org/TR/2011/REC-ws-transfer-20111213}. Latest version available at \url{http://www.w3.org/TR/ws-transfer}},
  year = {2011},
  month = ,
  bibsource = "http://www.w3.org/2002/01/tr-automation/tr.rdf",
  type = "Recommendation",
  institution = "W3C",
}
  
@TechReport{Case:2011,
  author = {Pat Case and Michael Dyck and Mary Holstege and Sihem Amer-Yahia and Chavdar Botev and Stephen Buxton and Jochen Dörre and Jim Melton and Michael Rys and Jayavel Shanmugasundaram},
  title  = {{XQuery and XPath Full Text 1.0}},
  note = {\url{http://www.w3.org/TR/2011/REC-xpath-full-text-10-20110317/}. Latest version available at \url{http://www.w3.org/TR/xpath-full-text-10/}},
  year = {2011},
  month = mar,
  bibsource = "http://www.w3.org/2002/01/tr-automation/tr.rdf",
  type = "Recommendation",
  institution = "W3C",
}
  
@TechReport{Chamberlin:2011,
  author = {Don Chamberlin and Jonathan Robie and Michael Dyck and Daniela Florescu and Jim Melton and Jerome Simeon},
  title  = {{XQuery Update Facility 1.0}},
  note = {\url{http://www.w3.org/TR/2011/REC-xquery-update-10-20110317/}. Latest version available at \url{http://www.w3.org/TR/xquery-update-10/}},
  year = {2011},
  month = mar,
  bibsource = "http://www.w3.org/2002/01/tr-automation/tr.rdf",
  type = "Recommendation",
  institution = "W3C",
}
  
@TechReport{Rivoal:2012,
  author = {Florian Rivoal},
  title  = {{Media Queries}},
  note = {\url{http://www.w3.org/TR/2012/REC-css3-mediaqueries-20120619/}. Latest version available at \url{http://www.w3.org/TR/css3-mediaqueries/}},
  year = {2012},
  month = jun,
  bibsource = "http://www.w3.org/2002/01/tr-automation/tr.rdf",
  type = "Recommendation",
  institution = "W3C",
}
  
@TechReport{Mann:2012,
  author = {Jatinder Mann},
  title  = {{High Resolution Time}},
  note = {\url{http://www.w3.org/TR/2012/REC-hr-time-20121217/}. Latest version available at \url{http://www.w3.org/TR/hr-time/}},
  year = {2012},
  month = ,
  bibsource = "http://www.w3.org/2002/01/tr-automation/tr.rdf",
  type = "Recommendation",
  institution = "W3C",
}
  
@TechReport{Troncy:2012,
  author = {Raphaël Troncy and Erik Mannens and Silvia Pfeiffer and Davy Van Deursen},
  title  = {{Media Fragments URI 1.0 (basic)}},
  note = {\url{http://www.w3.org/TR/2012/REC-media-frags-20120925/}. Latest version available at \url{http://www.w3.org/TR/media-frags/}},
  year = {2012},
  month = sep,
  bibsource = "http://www.w3.org/2002/01/tr-automation/tr.rdf",
  type = "Recommendation",
  institution = "W3C",
}
  
@TechReport{Lee:2012,
  author = {WonSuk Lee and Werner Bailer and Tobias Bürger and Pierre-Antoine Champin and Jean-Pierre EVAIN and Véronique Malaisé and Thierry Michel and Felix Sasaki and Joakim Söderberg and Florian Stegmaier and John Strassner},
  title  = {{Ontology for Media Resources 1.0}},
  note = {\url{http://www.w3.org/TR/2012/REC-mediaont-10-20120209/}. Latest version available at \url{http://www.w3.org/TR/mediaont-10/}},
  year = {2012},
  month = feb,
  bibsource = "http://www.w3.org/2002/01/tr-automation/tr.rdf",
  type = "Recommendation",
  institution = "W3C",
}
  
@TechReport{:2012,
  author = {},
  title  = {{Multimodal Architecture and Interfaces}},
  note = {\url{http://www.w3.org/TR/2012/REC-mmi-arch-20121025/}. Latest version available at \url{http://www.w3.org/TR/mmi-arch/}},
  year = {2012},
  month = nov,
  bibsource = "http://www.w3.org/2002/01/tr-automation/tr.rdf",
  type = "Recommendation",
  institution = "W3C",
}
  
@TechReport{Wang:2012,
  author = {Zhiheng Wang},
  title  = {{Navigation Timing}},
  note = {\url{http://www.w3.org/TR/2012/REC-navigation-timing-20121217/}. Latest version available at \url{http://www.w3.org/TR/navigation-timing/}},
  year = {2012},
  month = ,
  bibsource = "http://www.w3.org/2002/01/tr-automation/tr.rdf",
  type = "Recommendation",
  institution = "W3C",
}
  
@TechReport{Smith:2012,
  author = {Michael[tm] Smith and Ian Horrocks and Markus Krötzsch and Birte Glimm},
  title  = {{OWL 2 Web Ontology Language Conformance (Second Edition)}},
  note = {\url{http://www.w3.org/TR/2012/REC-owl2-conformance-20121211/}. Latest version available at \url{http://www.w3.org/TR/owl2-conformance/}},
  year = {2012},
  month = ,
  bibsource = "http://www.w3.org/2002/01/tr-automation/tr.rdf",
  type = "Recommendation",
  institution = "W3C",
}
  
@TechReport{Motik:2012,
  author = {Boris Motik and Peter Patel-Schneider and Bernardo Cuenca Grau},
  title  = {{OWL 2 Web Ontology Language Direct Semantics (Second Edition)}},
  note = {\url{http://www.w3.org/TR/2012/REC-owl2-direct-semantics-20121211/}. Latest version available at \url{http://www.w3.org/TR/owl2-direct-semantics/}},
  year = {2012},
  month = ,
  bibsource = "http://www.w3.org/2002/01/tr-automation/tr.rdf",
  type = "Recommendation",
  institution = "W3C",
}
  
@TechReport{PatelSchneider:2012,
  author = {Peter Patel-Schneider and Boris Motik},
  title  = {{OWL 2 Web Ontology Language Mapping to RDF Graphs (Second Edition)}},
  note = {\url{http://www.w3.org/TR/2012/REC-owl2-mapping-to-rdf-20121211/}. Latest version available at \url{http://www.w3.org/TR/owl2-mapping-to-rdf/}},
  year = {2012},
  month = ,
  bibsource = "http://www.w3.org/2002/01/tr-automation/tr.rdf",
  type = "Recommendation",
  institution = "W3C",
}
  
@TechReport{Golbreich:2012,
  author = {Christine Golbreich and Evan Wallace},
  title  = {{OWL 2 Web Ontology Language New Features and Rationale (Second Edition)}},
  note = {\url{http://www.w3.org/TR/2012/REC-owl2-new-features-20121211/}. Latest version available at \url{http://www.w3.org/TR/owl2-new-features/}},
  year = {2012},
  month = ,
  bibsource = "http://www.w3.org/2002/01/tr-automation/tr.rdf",
  type = "Recommendation",
  institution = "W3C",
}
  
@TechReport{:2012,
  author = {},
  title  = {{OWL 2 Web Ontology Language Document Overview (Second Edition)}},
  note = {\url{http://www.w3.org/TR/2012/REC-owl2-overview-20121211/}. Latest version available at \url{http://www.w3.org/TR/owl2-overview/}},
  year = {2012},
  month = ,
  bibsource = "http://www.w3.org/2002/01/tr-automation/tr.rdf",
  type = "Recommendation",
  institution = "W3C",
}
  
@TechReport{Hitzler:2012,
  author = {Pascal Hitzler and Markus Krötzsch and Bijan Parsia and Peter Patel-Schneider and Sebastian Rudolph},
  title  = {{OWL 2 Web Ontology Language Primer (Second Edition)}},
  note = {\url{http://www.w3.org/TR/2012/REC-owl2-primer-20121211/}. Latest version available at \url{http://www.w3.org/TR/owl2-primer/}},
  year = {2012},
  month = ,
  bibsource = "http://www.w3.org/2002/01/tr-automation/tr.rdf",
  type = "Recommendation",
  institution = "W3C",
}
  
@TechReport{Motik:2012,
  author = {Boris Motik and Bernardo Cuenca Grau and Ian Horrocks and Zhe Wu and Achille Fokoue},
  title  = {{OWL 2 Web Ontology Language Profiles (Second Edition)}},
  note = {\url{http://www.w3.org/TR/2012/REC-owl2-profiles-20121211/}. Latest version available at \url{http://www.w3.org/TR/owl2-profiles/}},
  year = {2012},
  month = ,
  bibsource = "http://www.w3.org/2002/01/tr-automation/tr.rdf",
  type = "Recommendation",
  institution = "W3C",
}
  
@TechReport{Bao:2012,
  author = {Jie Bao and Elisa Kendall and Deborah McGuinness and Peter Patel-Schneider},
  title  = {{OWL 2 Web Ontology Language Quick Reference Guide (Second Edition)}},
  note = {\url{http://www.w3.org/TR/2012/REC-owl2-quick-reference-20121211/}. Latest version available at \url{http://www.w3.org/TR/owl2-quick-reference/}},
  year = {2012},
  month = ,
  bibsource = "http://www.w3.org/2002/01/tr-automation/tr.rdf",
  type = "Recommendation",
  institution = "W3C",
}
  
@TechReport{Schneider:2012,
  author = {Michael Schneider},
  title  = {{OWL 2 Web Ontology Language RDF-Based Semantics (Second Edition)}},
  note = {\url{http://www.w3.org/TR/2012/REC-owl2-rdf-based-semantics-20121211/}. Latest version available at \url{http://www.w3.org/TR/owl2-rdf-based-semantics/}},
  year = {2012},
  month = ,
  bibsource = "http://www.w3.org/2002/01/tr-automation/tr.rdf",
  type = "Recommendation",
  institution = "W3C",
}
  
@TechReport{Motik:2012,
  author = {Boris Motik and Peter Patel-Schneider and Bijan Parsia},
  title  = {{OWL 2 Web Ontology Language Structural Specification and Functional-Style Syntax (Second Edition)}},
  note = {\url{http://www.w3.org/TR/2012/REC-owl2-syntax-20121211/}. Latest version available at \url{http://www.w3.org/TR/owl2-syntax/}},
  year = {2012},
  month = ,
  bibsource = "http://www.w3.org/2002/01/tr-automation/tr.rdf",
  type = "Recommendation",
  institution = "W3C",
}
  
@TechReport{Motik:2012,
  author = {Boris Motik and Bijan Parsia and Peter Patel-Schneider},
  title  = {{OWL 2 Web Ontology Language XML Serialization (Second Edition)}},
  note = {\url{http://www.w3.org/TR/2012/REC-owl2-xml-serialization-20121211/}. Latest version available at \url{http://www.w3.org/TR/owl2-xml-serialization/}},
  year = {2012},
  month = ,
  bibsource = "http://www.w3.org/2002/01/tr-automation/tr.rdf",
  type = "Recommendation",
  institution = "W3C",
}
  
@TechReport{Das:2012,
  author = {Souripriya Das and Seema Sundara and Richard Cyganiak},
  title  = {{R2RML: RDB to RDF Mapping Language}},
  note = {\url{http://www.w3.org/TR/2012/REC-r2rml-20120927/}. Latest version available at \url{http://www.w3.org/TR/r2rml/}},
  year = {2012},
  month = sep,
  bibsource = "http://www.w3.org/2002/01/tr-automation/tr.rdf",
  type = "Recommendation",
  institution = "W3C",
}
  
@TechReport{Arenas:2012,
  author = {Marcelo Arenas and Alexandre Bertails and Eric Prud'hommeaux and Juan Sequeda},
  title  = {{A Direct Mapping of Relational Data to RDF}},
  note = {\url{http://www.w3.org/TR/2012/REC-rdb-direct-mapping-20120927/}. Latest version available at \url{http://www.w3.org/TR/rdb-direct-mapping/}},
  year = {2012},
  month = sep,
  bibsource = "http://www.w3.org/2002/01/tr-automation/tr.rdf",
  type = "Recommendation",
  institution = "W3C",
}
  
@TechReport{Bao:2012,
  author = {Jie Bao and Sandro Hawke and Boris Motik and Peter Patel-Schneider and Axel Polleres},
  title  = {{rdf:PlainLiteral: A Datatype for RDF Plain Literals (Second Edition)}},
  note = {\url{http://www.w3.org/TR/2012/REC-rdf-plain-literal-20121211/}. Latest version available at \url{http://www.w3.org/TR/rdf-plain-literal/}},
  year = {2012},
  month = ,
  bibsource = "http://www.w3.org/2002/01/tr-automation/tr.rdf",
  type = "Recommendation",
  institution = "W3C",
}
  
@TechReport{Adida:2012,
  author = {Ben Adida and Mark Birbeck and Shane McCarron and Ivan Herman},
  title  = {{RDFa Core 1.1}},
  note = {\url{http://www.w3.org/TR/2012/REC-rdfa-core-20120607/}. Latest version available at \url{http://www.w3.org/TR/rdfa-core/}},
  year = {2012},
  month = jun,
  bibsource = "http://www.w3.org/2002/01/tr-automation/tr.rdf",
  type = "Recommendation",
  institution = "W3C",
}
  
@TechReport{Sporny:2012,
  author = {Manu Sporny},
  title  = {{RDFa Lite 1.1}},
  note = {\url{http://www.w3.org/TR/2012/REC-rdfa-lite-20120607/}. Latest version available at \url{http://www.w3.org/TR/rdfa-lite/}},
  year = {2012},
  month = jun,
  bibsource = "http://www.w3.org/2002/01/tr-automation/tr.rdf",
  type = "Recommendation",
  institution = "W3C",
}
  
@TechReport{Adams:2012,
  author = {Phil Adams and Peter Easton and Eric Johnson and Roland Merrick and Mark Phillips},
  title  = {{SOAP over Java Message Service 1.0}},
  note = {\url{http://www.w3.org/TR/2012/REC-soapjms-20120216/}. Latest version available at \url{http://www.w3.org/TR/soapjms/}},
  year = {2012},
  month = feb,
  bibsource = "http://www.w3.org/2002/01/tr-automation/tr.rdf",
  type = "Recommendation",
  institution = "W3C",
}
  
@TechReport{Berjon:2012,
  author = {Robin Berjon and Marcos Caceres},
  title  = {{The 'view-mode' Media Feature}},
  note = {\url{http://www.w3.org/TR/2012/REC-view-mode-20120619/}. Latest version available at \url{http://www.w3.org/TR/view-mode/}},
  year = {2012},
  month = jun,
  bibsource = "http://www.w3.org/2002/01/tr-automation/tr.rdf",
  type = "Recommendation",
  institution = "W3C",
}
  
@TechReport{Caceres:2012,
  author = {Marcos Caceres},
  title  = {{Packaged Web Apps (Widgets) - Packaging and XML Configuration (Second Edition)}},
  note = {\url{http://www.w3.org/TR/2012/REC-widgets-20121127/}. Latest version available at \url{http://www.w3.org/TR/widgets/}},
  year = {2012},
  month = dec,
  bibsource = "http://www.w3.org/2002/01/tr-automation/tr.rdf",
  type = "Recommendation",
  institution = "W3C",
}
  
@TechReport{Caceres:2012,
  author = {Marcos Caceres and Robin Berjon},
  title  = {{Widget Access Request Policy}},
  note = {\url{http://www.w3.org/TR/2012/REC-widgets-access-20120207/}. Latest version available at \url{http://www.w3.org/TR/widgets-access/}},
  year = {2012},
  month = feb,
  bibsource = "http://www.w3.org/2002/01/tr-automation/tr.rdf",
  type = "Recommendation",
  institution = "W3C",
}
  
@TechReport{Kew:2012,
  author = {Jonathan Kew and Tal Leming and Erik van Blokland},
  title  = {{WOFF File Format 1.0}},
  note = {\url{http://www.w3.org/TR/2012/REC-WOFF-20121213/}. Latest version available at \url{http://www.w3.org/TR/WOFF/}},
  year = {2012},
  month = ,
  bibsource = "http://www.w3.org/2002/01/tr-automation/tr.rdf",
  type = "Recommendation",
  institution = "W3C",
}
  
@TechReport{McCarron:2012,
  author = {Shane McCarron},
  title  = {{XHTML+RDFa 1.1}},
  note = {\url{http://www.w3.org/TR/2012/REC-xhtml-rdfa-20120607/}. Latest version available at \url{http://www.w3.org/TR/xhtml-rdfa/}},
  year = {2012},
  month = jun,
  bibsource = "http://www.w3.org/2002/01/tr-automation/tr.rdf",
  type = "Recommendation",
  institution = "W3C",
}
  
@TechReport{Gao:2012,
  author = {Sandy Gao and Michael Sperberg-McQueen and Henry Thompson and Noah Mendelsohn and David Beech and Murray Maloney},
  title  = {{W3C XML Schema Definition Language (XSD) 1.1 Part 1: Structures}},
  note = {\url{http://www.w3.org/TR/2012/REC-xmlschema11-1-20120405/}. Latest version available at \url{http://www.w3.org/TR/xmlschema11-1/}},
  year = {2012},
  month = apr,
  bibsource = "http://www.w3.org/2002/01/tr-automation/tr.rdf",
  type = "Recommendation",
  institution = "W3C",
}
  
@TechReport{Peterson:2012,
  author = {David Peterson and Sandy Gao and Ashok Malhotra and Michael Sperberg-McQueen and Henry Thompson and Paul V. Biron},
  title  = {{W3C XML Schema Definition Language (XSD) 1.1 Part 2: Datatypes}},
  note = {\url{http://www.w3.org/TR/2012/REC-xmlschema11-2-20120405/}. Latest version available at \url{http://www.w3.org/TR/xmlschema11-2/}},
  year = {2012},
  month = apr,
  bibsource = "http://www.w3.org/2002/01/tr-automation/tr.rdf",
  type = "Recommendation",
  institution = "W3C",
}
  
@TechReport{Mann:2013,
  author = {Jatinder Mann and Arvind Jain},
  title  = {{Page Visibility}},
  note = {\url{http://www.w3.org/TR/2013/REC-page-visibility-20130514/}. Latest version available at \url{http://www.w3.org/TR/page-visibility/}},
  year = {2013},
  month = may,
  bibsource = "http://www.w3.org/2002/01/tr-automation/tr.rdf",
  type = "Recommendation",
  institution = "W3C",
}
  
@TechReport{Cheney:2013,
  author = {James Cheney and Paolo Missier and Luc Moreau},
  title  = {{Constraints of the PROV Data Model}},
  note = {\url{http://www.w3.org/TR/2013/REC-prov-constraints-20130430/}. Latest version available at \url{http://www.w3.org/TR/prov-constraints/}},
  year = {2013},
  month = apr,
  bibsource = "http://www.w3.org/2002/01/tr-automation/tr.rdf",
  type = "Recommendation",
  institution = "W3C",
}
  
@TechReport{Moreau:2013,
  author = {Luc Moreau and Paolo Missier},
  title  = {{PROV-DM: The PROV Data Model}},
  note = {\url{http://www.w3.org/TR/2013/REC-prov-dm-20130430/}. Latest version available at \url{http://www.w3.org/TR/prov-dm/}},
  year = {2013},
  month = apr,
  bibsource = "http://www.w3.org/2002/01/tr-automation/tr.rdf",
  type = "Recommendation",
  institution = "W3C",
}
  
@TechReport{Moreau:2013,
  author = {Luc Moreau and Paolo Missier},
  title  = {{PROV-N: The Provenance Notation}},
  note = {\url{http://www.w3.org/TR/2013/REC-prov-n-20130430/}. Latest version available at \url{http://www.w3.org/TR/prov-n/}},
  year = {2013},
  month = apr,
  bibsource = "http://www.w3.org/2002/01/tr-automation/tr.rdf",
  type = "Recommendation",
  institution = "W3C",
}
  
@TechReport{Lebo:2013,
  author = {Timothy Lebo and Satya Sahoo and Deborah McGuinness},
  title  = {{PROV-O: The PROV Ontology}},
  note = {\url{http://www.w3.org/TR/2013/REC-prov-o-20130430/}. Latest version available at \url{http://www.w3.org/TR/prov-o/}},
  year = {2013},
  month = apr,
  bibsource = "http://www.w3.org/2002/01/tr-automation/tr.rdf",
  type = "Recommendation",
  institution = "W3C",
}
  
@TechReport{Beckett:2013,
  author = {Dave Beckett and Jeen Broekstra},
  title  = {{SPARQL Query Results XML Format (Second Edition)}},
  note = {\url{http://www.w3.org/TR/2013/REC-rdf-sparql-XMLres-20130321/}. Latest version available at \url{http://www.w3.org/TR/rdf-sparql-XMLres/}},
  year = {2013},
  month = mar,
  bibsource = "http://www.w3.org/2002/01/tr-automation/tr.rdf",
  type = "Recommendation",
  institution = "W3C",
}
  
@TechReport{Boley:2013,
  author = {Harold Boley and Michael Kifer},
  title  = {{RIF Basic Logic Dialect (Second Edition)}},
  note = {\url{http://www.w3.org/TR/2013/REC-rif-bld-20130205/}. Latest version available at \url{http://www.w3.org/TR/rif-bld/}},
  year = {2013},
  month = feb,
  bibsource = "http://www.w3.org/2002/01/tr-automation/tr.rdf",
  type = "Recommendation",
  institution = "W3C",
}
  
@TechReport{Boley:2013,
  author = {Harold Boley and Gary Hallmark and Michael Kifer and Adrian Paschke and Axel Polleres and Dave Reynolds},
  title  = {{RIF Core Dialect (Second Edition)}},
  note = {\url{http://www.w3.org/TR/2013/REC-rif-core-20130205/}. Latest version available at \url{http://www.w3.org/TR/rif-core/}},
  year = {2013},
  month = feb,
  bibsource = "http://www.w3.org/2002/01/tr-automation/tr.rdf",
  type = "Recommendation",
  institution = "W3C",
}
  
@TechReport{Polleres:2013,
  author = {Axel Polleres and Harold Boley and Michael Kifer},
  title  = {{RIF Datatypes and Built-Ins 1.0 (Second Edition)}},
  note = {\url{http://www.w3.org/TR/2013/REC-rif-dtb-20130205/}. Latest version available at \url{http://www.w3.org/TR/rif-dtb/}},
  year = {2013},
  month = feb,
  bibsource = "http://www.w3.org/2002/01/tr-automation/tr.rdf",
  type = "Recommendation",
  institution = "W3C",
}
  
@TechReport{Boley:2013,
  author = {Harold Boley and Michael Kifer},
  title  = {{RIF Framework for Logic Dialects (Second Edition)}},
  note = {\url{http://www.w3.org/TR/2013/REC-rif-fld-20130205/}. Latest version available at \url{http://www.w3.org/TR/rif-fld/}},
  year = {2013},
  month = feb,
  bibsource = "http://www.w3.org/2002/01/tr-automation/tr.rdf",
  type = "Recommendation",
  institution = "W3C",
}
  
@TechReport{deSainteMarie:2013,
  author = {Christian de Sainte Marie and Gary Hallmark and Adrian Paschke},
  title  = {{RIF Production Rule Dialect (Second Edition)}},
  note = {\url{http://www.w3.org/TR/2013/REC-rif-prd-20130205/}. Latest version available at \url{http://www.w3.org/TR/rif-prd/}},
  year = {2013},
  month = feb,
  bibsource = "http://www.w3.org/2002/01/tr-automation/tr.rdf",
  type = "Recommendation",
  institution = "W3C",
}
  
@TechReport{deBruijn:2013,
  author = {Jos de Bruijn and Christopher Welty},
  title  = {{RIF RDF and OWL Compatibility (Second Edition)}},
  note = {\url{http://www.w3.org/TR/2013/REC-rif-rdf-owl-20130205/}. Latest version available at \url{http://www.w3.org/TR/rif-rdf-owl/}},
  year = {2013},
  month = feb,
  bibsource = "http://www.w3.org/2002/01/tr-automation/tr.rdf",
  type = "Recommendation",
  institution = "W3C",
}
  
@TechReport{McCarron:2013,
  author = {Shane McCarron},
  title  = {{Role Attribute 1.0}},
  note = {\url{http://www.w3.org/TR/2013/REC-role-attribute-20130328/}. Latest version available at \url{http://www.w3.org/TR/role-attribute/}},
  year = {2013},
  month = mar,
  bibsource = "http://www.w3.org/2002/01/tr-automation/tr.rdf",
  type = "Recommendation",
  institution = "W3C",
}
  
@TechReport{vanKesteren:2013,
  author = {Anne van Kesteren and Lachlan Hunt},
  title  = {{Selectors API Level 1}},
  note = {\url{http://www.w3.org/TR/2013/REC-selectors-api-20130221/}. Latest version available at \url{http://www.w3.org/TR/selectors-api/}},
  year = {2013},
  month = feb,
  bibsource = "http://www.w3.org/2002/01/tr-automation/tr.rdf",
  type = "Recommendation",
  institution = "W3C",
}
  
@TechReport{Glimm:2013,
  author = {Birte Glimm and Chimezie Ogbuji},
  title  = {{SPARQL 1.1 Entailment Regimes}},
  note = {\url{http://www.w3.org/TR/2013/REC-sparql11-entailment-20130321/}. Latest version available at \url{http://www.w3.org/TR/sparql11-entailment/}},
  year = {2013},
  month = mar,
  bibsource = "http://www.w3.org/2002/01/tr-automation/tr.rdf",
  type = "Recommendation",
  institution = "W3C",
}
  
@TechReport{Prud'hommeaux:2013,
  author = {Eric Prud'hommeaux and Carlos Buil Aranda},
  title  = {{SPARQL 1.1 Federated Query}},
  note = {\url{http://www.w3.org/TR/2013/REC-sparql11-federated-query-20130321/}. Latest version available at \url{http://www.w3.org/TR/sparql11-federated-query/}},
  year = {2013},
  month = mar,
  bibsource = "http://www.w3.org/2002/01/tr-automation/tr.rdf",
  type = "Recommendation",
  institution = "W3C",
}
  
@TechReport{Ogbuji:2013,
  author = {Chimezie Ogbuji},
  title  = {{SPARQL 1.1 Graph Store HTTP Protocol}},
  note = {\url{http://www.w3.org/TR/2013/REC-sparql11-http-rdf-update-20130321/}. Latest version available at \url{http://www.w3.org/TR/sparql11-http-rdf-update/}},
  year = {2013},
  month = mar,
  bibsource = "http://www.w3.org/2002/01/tr-automation/tr.rdf",
  type = "Recommendation",
  institution = "W3C",
}
  
@TechReport{:2013,
  author = {},
  title  = {{SPARQL 1.1 Overview}},
  note = {\url{http://www.w3.org/TR/2013/REC-sparql11-overview-20130321/}. Latest version available at \url{http://www.w3.org/TR/sparql11-overview/}},
  year = {2013},
  month = mar,
  bibsource = "http://www.w3.org/2002/01/tr-automation/tr.rdf",
  type = "Recommendation",
  institution = "W3C",
}
  
@TechReport{Feigenbaum:2013,
  author = {Lee Feigenbaum and Gregory Williams and Kendall Clark and Elias Torres},
  title  = {{SPARQL 1.1 Protocol}},
  note = {\url{http://www.w3.org/TR/2013/REC-sparql11-protocol-20130321/}. Latest version available at \url{http://www.w3.org/TR/sparql11-protocol/}},
  year = {2013},
  month = mar,
  bibsource = "http://www.w3.org/2002/01/tr-automation/tr.rdf",
  type = "Recommendation",
  institution = "W3C",
}
  
@TechReport{Harris:2013,
  author = {Steven Harris and Andy Seaborne},
  title  = {{SPARQL 1.1 Query Language}},
  note = {\url{http://www.w3.org/TR/2013/REC-sparql11-query-20130321/}. Latest version available at \url{http://www.w3.org/TR/sparql11-query/}},
  year = {2013},
  month = mar,
  bibsource = "http://www.w3.org/2002/01/tr-automation/tr.rdf",
  type = "Recommendation",
  institution = "W3C",
}
  
@TechReport{Seaborne:2013,
  author = {Andy Seaborne},
  title  = {{SPARQL 1.1 Query Results CSV and TSV Formats}},
  note = {\url{http://www.w3.org/TR/2013/REC-sparql11-results-csv-tsv-20130321/}. Latest version available at \url{http://www.w3.org/TR/sparql11-results-csv-tsv/}},
  year = {2013},
  month = mar,
  bibsource = "http://www.w3.org/2002/01/tr-automation/tr.rdf",
  type = "Recommendation",
  institution = "W3C",
}
  
@TechReport{Seaborne:2013,
  author = {Andy Seaborne},
  title  = {{SPARQL 1.1 Query Results JSON Format}},
  note = {\url{http://www.w3.org/TR/2013/REC-sparql11-results-json-20130321/}. Latest version available at \url{http://www.w3.org/TR/sparql11-results-json/}},
  year = {2013},
  month = mar,
  bibsource = "http://www.w3.org/2002/01/tr-automation/tr.rdf",
  type = "Recommendation",
  institution = "W3C",
}
  
@TechReport{Williams:2013,
  author = {Gregory Williams},
  title  = {{SPARQL 1.1 Service Description}},
  note = {\url{http://www.w3.org/TR/2013/REC-sparql11-service-description-20130321/}. Latest version available at \url{http://www.w3.org/TR/sparql11-service-description/}},
  year = {2013},
  month = mar,
  bibsource = "http://www.w3.org/2002/01/tr-automation/tr.rdf",
  type = "Recommendation",
  institution = "W3C",
}
  
@TechReport{Gearon:2013,
  author = {Paul Gearon and Alexandre Passant and Axel Polleres},
  title  = {{SPARQL 1.1 Update}},
  note = {\url{http://www.w3.org/TR/2013/REC-sparql11-update-20130321/}. Latest version available at \url{http://www.w3.org/TR/sparql11-update/}},
  year = {2013},
  month = mar,
  bibsource = "http://www.w3.org/2002/01/tr-automation/tr.rdf",
  type = "Recommendation",
  institution = "W3C",
}
  
@TechReport{Caceres:2013,
  author = {Marcos Caceres and Paddy Byers and Stuart Knightley and Frederick Hirsch and Mark Priestley},
  title  = {{XML Digital Signatures for Widgets}},
  note = {\url{http://www.w3.org/TR/2013/REC-widgets-digsig-20130418/}. Latest version available at \url{http://www.w3.org/TR/widgets-digsig/}},
  year = {2013},
  month = apr,
  bibsource = "http://www.w3.org/2002/01/tr-automation/tr.rdf",
  type = "Recommendation",
  institution = "W3C",
}
  
@TechReport{Eastlake:2013,
  author = {Donald Eastlake and Joseph Reagle and David Solo and Frederick Hirsch and Magnus Nyström and Thomas Roessler and Kelvin Yiu},
  title  = {{XML Signature Syntax and Processing Version 1.1}},
  note = {\url{http://www.w3.org/TR/2013/REC-xmldsig-core1-20130411/}. Latest version available at \url{http://www.w3.org/TR/xmldsig-core1/}},
  year = {2013},
  month = apr,
  bibsource = "http://www.w3.org/2002/01/tr-automation/tr.rdf",
  type = "Recommendation",
  institution = "W3C",
}
  
@TechReport{Hirsch:2013,
  author = {Frederick Hirsch},
  title  = {{XML Signature Properties}},
  note = {\url{http://www.w3.org/TR/2013/REC-xmldsig-properties-20130411/}. Latest version available at \url{http://www.w3.org/TR/xmldsig-properties/}},
  year = {2013},
  month = apr,
  bibsource = "http://www.w3.org/2002/01/tr-automation/tr.rdf",
  type = "Recommendation",
  institution = "W3C",
}
  
@TechReport{Eastlake:2013,
  author = {Donald Eastlake and Joseph Reagle and Frederick Hirsch and Thomas Roessler},
  title  = {{XML Encryption Syntax and Processing Version 1.1}},
  note = {\url{http://www.w3.org/TR/2013/REC-xmlenc-core1-20130411/}. Latest version available at \url{http://www.w3.org/TR/xmlenc-core1/}},
  year = {2013},
  month = apr,
  bibsource = "http://www.w3.org/2002/01/tr-automation/tr.rdf",
  type = "Recommendation",
  institution = "W3C",
}
  
@TechReport{WiumLie:1996,
  author = {Håkon Wium Lie and Bert Bos},
  title  = {{Cascading Style Sheets, level 1}},
  note = {\url{http://www.w3.org/TR/REC-CSS1-961217}. Latest version available at \url{http://www.w3.org/TR/REC-CSS1}},
  year = {1996},
  month = ,
  bibsource = "http://www.w3.org/2002/01/tr-automation/tr.rdf",
  type = "Recommendation",
  institution = "W3C",
}
  
@TechReport{Raggett:1997,
  author = {Dave Raggett},
  title  = {{HTML 3.2 Reference Specification}},
  note = {\url{http://www.w3.org/TR/REC-html32-19970114}. Latest version available at \url{http://www.w3.org/TR/REC-html32}},
  year = {1997},
  month = jan,
  bibsource = "http://www.w3.org/2002/01/tr-automation/tr.rdf",
  type = "Recommendation",
  institution = "W3C",
}
  
@TechReport{Raggett:1997,
  author = {Dave Raggett and Arnaud Le Hors and Ian Jacobs},
  title  = {{HTML 4.0 Recommendation}},
  note = {\url{http://www.w3.org/TR/REC-html40-971218}. Latest version available at \url{http://www.w3.org/TR/html40}},
  year = {1997},
  month = ,
  bibsource = "http://www.w3.org/2002/01/tr-automation/tr.rdf",
  type = "Recommendation",
  institution = "W3C",
}
  
@TechReport{Krauskopf:1996,
  author = {Tim Krauskopf and Jim Miller and Pete Resnick and Win Treese},
  title  = {{PICS 1.1 Label Distribution -- Label Syntax and Communication Protocols}},
  note = {\url{http://www.w3.org/TR/REC-PICS-labels-961031}. Latest version available at \url{http://www.w3.org/TR/REC-PICS-labels}},
  year = {1996},
  month = nov,
  bibsource = "http://www.w3.org/2002/01/tr-automation/tr.rdf",
  type = "Recommendation",
  institution = "W3C",
}
  
@TechReport{Miller:1996,
  author = {Jim Miller and Pete Resnick and David Singer},
  title  = {{PICS 1.1 Rating Services and Rating Systems -- and Their Machine Readable Descriptions}},
  note = {\url{http://www.w3.org/TR/REC-PICS-services-961031}. Latest version available at \url{http://www.w3.org/TR/REC-PICS-services}},
  year = {1996},
  month = nov,
  bibsource = "http://www.w3.org/2002/01/tr-automation/tr.rdf",
  type = "Recommendation",
  institution = "W3C",
}
  
@TechReport{:1997,
  author = {},
  title  = {{PICSRules 1.1 Specification}},
  note = {\url{http://www.w3.org/TR/REC-PICSRules-971222}. Latest version available at \url{http://www.w3.org/TR/REC-PICSRules}},
  year = {1997},
  month = ,
  bibsource = "http://www.w3.org/2002/01/tr-automation/tr.rdf",
  type = "Recommendation",
  institution = "W3C",
}
  
@TechReport{Evans:1997,
  author = {Christopher Evans and Alex Hopmann and Martin PreslerMarshall and Pete Resnick},
  title  = {{PICSRules 1.1 Specification}},
  note = {\url{http://www.w3.org/TR/REC-PICSRules-971229}. Latest version available at \url{http://www.w3.org/TR/REC-PICSRules}},
  year = {1997},
  month = ,
  bibsource = "http://www.w3.org/2002/01/tr-automation/tr.rdf",
  type = "Recommendation",
  institution = "W3C",
}
  
@TechReport{Lane:1996,
  author = {Tom Lane},
  title  = {{PNG (Portable Network Graphics) Specification}},
  note = {\url{http://www.w3.org/TR/REC-png-961001}. Latest version available at \url{http://www.w3.org/TR/PNG}},
  year = {1996},
  month = nov,
  bibsource = "http://www.w3.org/2002/01/tr-automation/tr.rdf",
  type = "Recommendation",
  institution = "W3C",
}
  